3154 5338
536 409 768 472 -314-

106 615 169 661 cum
191 593 440 672 manumitteret,
471 594 609 661 locutus:
648 595 762 660 »uolo
790 614 858 661 uos
886 593 1036 660 liberos
1064 615 1151 661 esse
1181 595 1214 661 si

104 716 199 781 hunc
220 715 398 780 morbum
423 733 500 780 non
526 713 710 796 fugero«,
735 719 877 780 mortuns
900 719 949 779 est
969 714 1086 779 Titius:
1117 714 1214 780 credi-

104 841 181 902 tores
202 835 365 900 libertates
388 853 538 900 reuocare
564 834 713 899 uolebant
739 834 878 900 diceutes
905 835 937 900 in
960 854 1048 900 suam
1071 835 1215 902 fraudem

103 975 150 1023 eos
171 975 239 1022 esse
261 974 440 1022 concessas:
472 955 507 1034 ii,
531 955 585 1041 qui
607 955 791 1020 manumissi
812 954 960 1040 fuerant,¹
974 956 1034 1021 sibi
1056 955 1139 1022 bona
1161 957 1215 1022 od-

103 1075 156 1142 dici
177 1077 337 1159 petebant,
360 1075 542 1158 pollicentes
561 1093 630 1140 sese
645 1074 805 1140 indemnes
821 1074 991 1140 creditores
1014 1081 1213 1142 seruaturos:
1232 1087 1248 1136 s

103 1197 342 1271 audiendisunt„
365 1214 436 1261 cum
450 1195 484 1260 id
498 1195 668 1278 postulent
692 1195 838 1277 quamuis
861 1196 1094 1262 constitutionis
1116 1197 1215 1262 uerba

66 1320 86 1372 t.
100 1321 292 1400 praesentem
314 1334 422 1382 casum
443 1334 506 1380 non
528 1315 705 1398 respiciant.
745 1319 773 1379 7.
798 1315 876 1381 Oum
899 1334 975 1382 uero
998 1316 1114 1382 multas
1137 1316 1215 1381 diui-

100 1438 195 1504 siones
233 1437 266 1502 in
301 1437 361 1503 hac
398 1435 621 1502 constitutione
654 1436 762 1502 deesse
795 1436 1010 1502 sanctissimus
1044 1437 1215 1518 imperator

99 1563 199 1624 noster
232 1557 379 1636 uidisset,
410 1556 665 1622 constitutionem
692 1557 766 1621 tulit
792 1576 849 1638 per
878 1575 972 1638 quam
999 1555 1215 1639 plenissimum

99 1678 186 1746 buius
219 1678 425 1746 successionis
453 1679 502 1744 ius
533 1677 648 1744 effecit:
679 1678 758 1744 tales
788 1682 894 1744 autem
923 1677 1092 1743 diuisiones
1121 1676 1214 1742 huius
1235 1686 1267 1737 10

100 1799 329 1866 constitutionis
352 1798 451 1866 uerba
473 1797 637 1864 docebunt.

99 2417 142 2482 De
164 2413 416 2482 successionibus
443 2412 576 2479 sublatis
605 2431 686 2494 quae
707 2409 825 2477 fiebant
850 2431 907 2494 per
928 2410 1082 2476 bonorum
1109 2408 1215 2475 uendi-

158 2519 277 2584 tionem
300 2521 333 2582 et
355 2535 392 2582 ex
414 2521 543 2582 senatus
566 2515 707 2581 consulto
731 2513 912 2580 Claudiano.
958 2514 1081 2579 Titulus
1106 2515 1153 2576 12.

176 2674 261 2739 Ante
283 2671 512 2736 successionem
536 2689 593 2752 per
615 2667 862 2745 uniuersitatem,
887 2685 981 2748 quam
1003 2666 1035 2731 in
1059 2665 1216 2730 anteriore

96 2794 184 2860 titulo
208 2791 425 2875 exposuimus,
454 2794 545 2855 erant
567 2794 600 2854 et
622 2789 684 2854 alia
710 2787 922 2853 successiones
950 2805 1007 2868 per
1028 2785 1216 2850 uniuersita-

97 2919 165 2994 tem,
188 2913 291 2980 ueluti
313 2912 468 2977 bonorum
490 2909 654 2992 emptio¹)‚
685 2907 819 2990 quaein
849 2906 937 2971 bonis
960 2905 1110 2971 debitoris
1141 2924 1216 2970 uen-

97 3033 202 3099 dendis
219 3051 277 3115 per
291 3032 408 3100 multas
428 3029 576 3112 ambages
591 3029 771 3109 multosque
786 3027 935 3092 circuitus
957 3024 1062 3104 fiebat,
1086 3031 1118 3090 et
1139 3029 1215 3088 tunc
1235 3033 1265 3084 15

95 3153 194 3219 locum
217 3151 356 3216 habebat
379 3149 505 3232 quando
521 3147 635 3214 iudicia
650 3146 809 3212 ordinaria
828 3150 927 3224 erant,
950 3145 1009 3211 hoc
1024 3149 1074 3211 est
1087 3143 1214 3226 quondo

96 3276 268 3338 conuentus
283 3275 425 3353 tempore
444 3269 608 3335 dumtaxat
629 3267 834 3334 habebantur.
868 3265 907 3332 de
929 3269 1086 3331 conuentu
1108 3268 1214 3329 autem

95 3427 297 3440 ——-—

159 3512 179 3584 ¹)
199 3510 243 3565 De
261 3509 313 3564 hoe
326 3505 378 3562 Thi
395 3507 453 3562 loco
472 3506 505 3563 ci.
523 3505 616 3561 Keller
629 3503 791 3561 sScmostria
808 3503 842 3558 ad
860 3503 897 3558 Μ.
917 3501 1049 3558 Tullium«
1071 3503 1214 3592 1394-99.
