3384 5314
586 390 827 452 —472-

150 570 254 627 autem
278 565 310 627 in
334 564 488 627 eiusmodi
511 583 587 627 casu
611 563 819 627 animaduerti
846 569 960 645 potest.
1015 563 1159 626 conueuit
1186 563 1266 626 inter

149 708 198 752 me
223 695 254 752 et
276 707 379 752 meum
404 688 587 768 debitorem,
612 708 650 751 ne
675 689 715 751 ab
740 707 777 751 eo
806 687 948 751 debitum
970 693 1122 770 peterem:
1152 687 1264 752 deinde

149 819 222 894 post
256 813 384 892 aliquod
419 819 541 895 tempus
575 813 713 894 debitor,
749 813 936 895 locupletior
959 811 1061 876 factus
1087 819 1141 876 aut
1169 833 1189 876 a
1215 833 1265 876 me

149 936 228 1001 forte
250 938 301 1000 uel
320 939 360 1000 ab
383 937 446 1000 alio
471 938 678 1020 exprobratus
699 943 826 1018 pactum
845 936 933 1016 fecit,
956 957 1016 1016 quo
1033 937 1174 1019 permisit
1190 937 1266 1000 mihi

149 1061 288 1125 debitum
312 1067 428 1144 petere.
475 1061 501 1124 si
518 1061 714 1125 condictione
732 1061 884 1125 aduersus
909 1080 979 1124 eum
1003 1061 1158 1143 experiar,
1182 1067 1265 1144 post
1302 1077 1317 1127 5

148 1207 242 1267 quam
265 1186 397 1248 alterum
421 1192 546 1268 pactum
570 1185 686 1249 factum
711 1193 772 1266 est,
802 1191 833 1248 et
858 1185 911 1248 ille
935 1186 1130 1268 poenitentia
1153 1186 1264 1249 ductus

148 1311 233 1393 pacti
264 1311 479 1392 exceptionem
514 1310 590 1373 mihi
625 1317 765 1392 opponat
799 1311 920 1374 dicens:
961 1313 1007 1373 ‘at
1045 1310 1077 1373 si
1115 1331 1187 1373 non
1226 1331 1264 1374 es

147 1441 282 1518 pactus
313 1435 481 1498 debitum
510 1441 545 1498 te
569 1455 641 1498 non
664 1435 888 1518 petiturum,
917 1435 1041 1498 uidetur
1061 1435 1162 1517 prima
1182 1435 1263 1498 facie

148 1560 301 1624 eiusmodi
329 1560 473 1641 exceptio
502 1559 685 1641 petitionem
713 1579 815 1622 meam
843 1559 1010 1642 impedire,
1039 1578 1153 1621 reuera
1182 1559 1262 1621 enim

147 1685 191 1748 ita
222 1684 376 1748 conuenit.
423 1684 555 1747 alterum
591 1689 695 1748 autem
731 1689 857 1768 pactum
891 1684 960 1766 ipso
992 1683 1058 1747 iure
1086 1683 1173 1766 prius
1201 1697 1318 1748 non10

147 1809 280 1873 sustulit.
327 1815 375 1872 set
399 1828 468 1872 oum
496 1808 635 1887 iniquum
662 1809 702 1872 sit
730 1809 917 1872 creditorem
944 1809 1069 1891 repelli,
1098 1807 1262 1890 replicatio

147 1934 177 1997 ei
201 1934 292 1996 datur
315 1953 354 1997 ex
378 1933 551 2015 posteriore
574 1939 683 2015 pacto,
708 1933 756 1996 his
780 1933 899 1996 uerbis:
930 1933 976 1995 ‘si
1003 1938 1136 2014 postea
1164 1933 1263 1996 inter

113 2071 212 2121 tuos
236 2078 308 2121 non
337 2059 526 2138 conuenit,
557 2065 594 2122 ut
621 2065 751 2141 petere
779 2058 867 2122 mihi
896 2058 1050 2122 liceret’.
1100 2061 1125 2123 1.
1150 2055 1263 2133 Quem·

147 2183 314 2246 admodum
339 2189 442 2246 autem
467 2183 643 2266 exceptioni
667 2183 836 2266 opponitur
858 2183 1033 2265 replicatio,
1063 2183 1108 2246 ita
1130 2181 1262 2265 replica·
1369 2175 1372 2182 ’

146 2307 233 2387 tioni,
259 2328 339 2388 quae
357 2309 440 2372 iusta
456 2307 558 2390 prima
574 2309 699 2390 quidem
719 2309 801 2372 facie
817 2307 970 2388 uideatur,
995 2307 1170 2372 naturalem
1186 2327 1261 2371 uero
1283 2324 1315 2375 15

148 2432 339 2512 aequitatem
375 2432 527 2514 offendat,
564 2433 628 2496 alia
656 2455 676 2496 a
703 2452 757 2497 reo
786 2432 936 2514 allegatio
965 2432 1144 2515 opponitur,
1181 2451 1262 2511 quae

148 2555 358 2638 duplicatio
382 2564 522 2620 uocatur.
568 2564 602 2620 ut
625 2576 699 2620 ecce
722 2561 833 2640 pactus
857 2577 935 2637 sum,
963 2576 1002 2620 ne
1026 2556 1163 2620 debitum
1188 2576 1208 2619 a
1230 2561 1262 2620 te

147 2687 300 2762 peterem;
326 2683 456 2745 alterum
480 2687 608 2764 pactum
623 2681 735 2761 fecisti,
760 2701 822 2761 quo
846 2681 922 2744 mihi
944 2680 1127 2763 petitionem
1150 2679 1262 2762 permi-

112 2824 135 2874 2.
148 2805 230 2886 sisti;
254 2805 345 2868 tertio
370 2825 429 2887 ego
453 2812 565 2887 pactus
589 2827 657 2870 sum
681 2805 783 2869 denuo
801 2805 939 2869 debitum
955 2805 1128 2869 remittens·
1161 2807 1189 2870 2.
1206 2805 1262 2868 Sin

147 2935 253 2993 autem
277 2929 447 3012 duplicatio
471 2930 648 2994 inueniatur
671 2949 752 3011 quae
775 2929 880 3010 inique
907 2935 1035 3008 noceat,
1063 2949 1170 2993 rursus
1198 2929 1262 2992 alia
1281 2945 1316 2998 20

147 3053 338 3136 allegatione
378 3075 456 3137 opus
496 3061 543 3119 est
585 3053 698 3136 actori,
743 3075 823 3135 quae
866 3053 1078 3138 triplicatio
1121 3059 1261 3118 uocatur.
