3328 5318
857 415 1097 478 -457-

418 588 509 674 ἡμῶν
537 589 802 672 δεσποζομένων,
833 586 894 653 νῦν
921 587 1128 671 μετέλθωμεν
1155 587 1208 652 έπί
1236 585 1350 670 ἑτέραν
1377 587 1531 670 θεωρίαν.

419 697 472 759 καί
497 696 548 761 δεῖ
567 695 688 760 εἰδέναι
710 692 760 762 ότι
782 692 841 770 τδς
865 691 1022 778 άγωγδιςῑ)
1046 695 1196 777 κινοῦμεν
1219 692 1254 758 ἐν
1275 693 1494 779 δικαστηρίοις
1513 717 1532 776 η

420 802 465 865 δι’
486 799 577 887 ἡμῶν
601 799 720 878 αὐτῶν,
742 797 760 866 ό
784 800 851 865 ἐστι
874 822 930 866 suo
953 801 1119 885 nomine²)‚
1142 798 1165 886 ἢ
1188 799 1233 864 δι’
1254 798 1382 884 ἐτέρων,
1406 795 1425 862 ό
1450 797 1537 864 ἐστιν

420 909 524 973 alieno
552 909 687 974 nomine.
741 909 795 971 καὶ
822 909 927 972 alieno
950 907 1074 972 nomine
1103 903 1268 989 κινοῦμεν,
1297 905 1369 971 οἷον
1397 903 1443 979 οἷς
1471 904 1535 988 02³)

385 1021 638 1099 ῖρτοοοεείοτεε
665 1011 716 1099 ἢί)
745 1013 914 1099 ἐπίτροποι
937 1011 957 1100 ἢ
979 1019 1149 1080 emtores,
1194 1011 1295 1076 τοῦτο
1326 1012 1364 1077 δὲ
1390 1011 1475 1077 κατδ
1499 1011 1536 1077 τί

421 1121 556 1208 σήμερον
578 1117 731 1206 κρατοῦν·
756 1119 860 1184 πάλαι
882 1117 944 1206 γάρ
961 1117 1019 1186 οἰκ
1033 1118 1074 1204 ἦν
1097 1119 1132 1184 ἐν
1148 1121 1298 1199 πολιτεία
1313 1116 1350 1184 τό
1368 1117 1536 1184 δύνασθαι

421 1231 524 1294 alieno
548 1231 672 1294 nomine
696 1239 809 1304 κινεῖν,
836 1230 864 1292 εἰ
886 1225 929 1312 μή
953 1228 1009 1292 ἐπί
1033 1229 1180 1313 φανερῶν
1203 1225 1333 1291 αἰτιῶν·
1359 1226 1431 1291 οἷον
1453 1225 1537 1310 ὑπὲρ

420 1345 478 1400 τοῦ
514 1334 618 1420 δήμου
652 1333 792 1421 η’διίνατό
825 1358 874 1408 τις
905 1334 1035 1398 εἰσιέναι
1065 1334 1158 1418 δίκην
1183 1332 1203 1419 ἢ
1225 1334 1311 1417 καὶὸ)
1340 1333 1535 1417 ἐλευθερίας.

420 1440 533 1526 ἐπειδὴ
557 1439 618 1528 γάρ
642 1442 677 1505 ἐν
700 1450 780 1527 νομη
803 1465 851 1515 τις
875 1439 1033 1527 ὑπάρχων
1050 1440 1197 1514 δουλείας
1213 1442 1268 1504 καί
1288 1439 1481 1525 άναφωνῶν
1496 1441 1538 1512 εἰς

369 1565 402 1618 10
420 1547 605 1634 ἐλεωλερίαν
633 1547 691 1611 οὐκ
719 1545 861 1634 ἠδύνατο
891 1547 933 1610 δι’
957 1546 1073 1611 ἑαυτοῦ
1100 1545 1159 1633 τὴν
1187 1547 1281 1630 δίκην
1308 1546 1458 1622 εἰσιέναι,
1487 1553 1538 1610 ῖνο

420 1653 464 1740 μή
488 1654 675 1737 κινουμένου
699 1654 903 1740 δικαστηρίου
932 1650 1118 1743 άποδειχδῇ
1147 1651 1265 1728 δοῦλος
1292 1657 1346 1716 καί
1374 1651 1477 1742 συμβῇ
1505 1652 1539 1728 ἐξ

422 1759 683 1844 ἀποτελέσματος
700 1759 822 1825 δοῦλον
837 1758 1053 1844 άγωνίζεσδαι
1069 1759 1154 1846 πρδς
1172 1759 1348 1845 δεσπότην,
1366 1758 1426 1822 διά
1438 1767 1535 1823 τοῦτο

420 1872 525 1954 ἕτερος
544 1867 637 1958 εἰσῄει
651 1868 711 1952 τὴν
727 1867 821 1953 δίκην
836 1867 917 1953 δπέρ
934 1866 1046 1944 αδτοῑι,
1063 1865 1148 1942 όςτις
1164 1870 1218 1932 καὶ
1233 1867 1357 1951 ἐλέγετο
1375 1869 1536 1932 εδεέῑίωτ.

421 1973 468 2038 ἐτι
491 1974 528 2037 δέ
551 1975 603 2038 καί
625 1973 709 2060 δπέρ
733 1971 951 2060 έπιτροπηςθ).
997 1973 1153 2048 πολλάκις
1176 1973 1238 2058 γάρ
1266 1973 1372 2037 ἐδεῖτο
1401 1975 1539 2058 ρι’τρίἰίοε

370 2096 402 2146 15
421 2079 602 2164 ἐπιτρόπου
617 2081 669 2144 καί
686 2080 747 2145 δύο
762 2078 923 2164 ἐμάχοντο
938 2083 1088 2168 περὶτοῦ
1106 2082 1210 2166 τίυαῖ)
1229 2081 1281 2144 δεῖ
1293 2078 1538 2165 ἐπιτροπεῦσαι.

422 2185 593 2272 πρόδηλον
620 2184 671 2250 ὅτι
699 2186 749 2272 6⁸)
777 2187 822 2262 εἰς
850 2186 1010 2273 νικῆσαί).
1064 2187 1083 2251 ό
1112 2185 1170 2254 οὖν
1196 2185 1346 2272 ἦττηδείς
1379 2185 1539 2270 εὑρίσκετο

348 2278 351 2284 “
423 2294 526 2358 alieno
549 2295 674 2358 nomine
697 2296 811 2370 κινῶν,
837 2298 982 2358 τουτέστι
1010 2293 1218 2377 δικαζόμενος
1245 2292 1326 2378 ὑπὲρ
1355 2294 1538 2380 ἐπιτροπῆς

422 2401 476 2486 της
499 2398 542 2484 μὴ
570 2399 784 2488 διαφερούσης
812 2399 915 2490 αὐτῷ,
944 2400 985 2475 ὥς
1012 2399 1049 2466 τδ
1076 2401 1166 2476 τέλος
1194 2400 1325 2476 ἐδίδαξε
1352 2409 1410 2484 τῆς
1439 2400 1537 2483 δίκης.

422 2506 463 2570 ‘0
472 2507 632 2592 ostiliosw)
648 2504 748 2589 νόμος
764 2507 949 2594 ἐπέτρεπεν,
964 2510 991 2570 εἰ
1007 2507 1121 2592 συνέβη
1136 2507 1223 2582 τινός
1238 2505 1309 2572 τῶν
1324 2503 1433 2571 ὄντων
1448 2503 1538 2588 παρά

369 2633 404 2684 20
423 2625 491 2687 τοῖς
520 2617 687 2695 πολεμίοις
712 2612 735 2698 ἧ
761 2616 956 2698 reipublicae
991 2635 1088 2679 eausa
1128 2612 1394 2699 ἀποδημούντων
1434 2612 1537 2696 πράγ-

422 2743 508 2803 ματα
531 2720 702 2805 κλαπῆναι,
725 2733 823 2784 κινεῖν
845 2719 906 2785 τόν
927 2719 1126 2803 βουλόμενον
1148 2719 1210 2805 τήν
1230 2721 1305 2784 furti
1328 2719 1469 2806 α’γωγην.
1514 2723 1542 2784 εἰ

424 2827 461 2890 δὲ
483 2827 583 2910 καὶῑί)
605 2825 819 2910 ἐπετρόπευον
845 2829 982 2911 pupillu,
1010 2825 1181 2916 δποστῇῑί)
1210 2827 1247 2891 δὲ
1262 2835 1264 2838 ’
1277 2825 1373 2902 οὗτος
1400 2825 1540 2911 κλοπήν,

423 2935 502 3016 ἐμοῦ
524 2931 621 3008 ὄντος
636 2932 729 3020 παρά
744 2945 812 3008 τοῖς
826 2936 991 3016 πολεμίοις
1007 2961 1025 3019 η
1046 2935 1240 3018 reipublicae
1264 2955 1362 3000 eausa
1386 2931 1537 3011 εἰπόντος,

423 3041 541 3123 ὁμοίως
565 3038 584 3106 δ
605 3039 798 3123 βουλόμενος
821 3039 915 3105 ἐκίνει
937 3039 997 3125 τὴν
1019 3041 1102 3108 furti.
1142 3037 1212 3104 ἀλλ’
1230 3039 1341 3125 ἐπειδή
1358 3043 1459 3104 τοῦτο
1482 3035 1540 3106 οἰκ

370 3163 404 3214 25
423 3147 591 3232 ἐλαχίστην
612 3145 798 3233 προσήγαγε
806 3148 841 3231 13)
869 3145 930 3232 τὴν
953 3144 1088 3232 βλάβην,
1115 3146 1153 3213 τὸ
1176 3134 1409 3234 μὴδύνασθαι
1434 3150 1535 3214 alieno

423 3255 548 3321 nomine
573 3251 651 3338 μήτε
674 3253 801 3332 ἐνάγειν
818 3251 898 3338 μήτε
917 3250 1103 3332 ἐνάγεσθαι,
1126 3251 1302 3339 ἐπενόησαν
1318 3252 1350 3318 οἰ
1366 3251 1539 3345 ἄνθρωποι

424 3359 480 3426 διά
504 3367 736 3444 ρεοοοεοίότωο
760 3358 966 3435 δικάζεσθαι·
989 3359 1061 3425 ἐσθ’
1076 3358 1132 3425 δτε
1153 3359 1214 3448 γάρ
1238 3385 1257 3445 η
1279 3359 1377 3435 νόσος
1399 3359 1423 3445 ἤ
1444 3360 1538 3448 γῆρας

424 3465 623 3555 ἢάναγκαῖα
650 3464 821 3552 άποδημία
846 3467 901 3530 καὶ
923 3463 1018 3530 ἄλλαι
1046 3467 1083 3530 δὲ
1109 3467 1228 3531 πολλαί
1256 3470 1357 3530 αἰτίαι
1384 3465 1537 3550 ἐμποδιίν

424 3579 567 3658 γίνονται
585 3582 644 3637 τοῦ
667 3572 710 3658 μή
736 3573 902 3637 δύνασθαι
923 3571 982 3637 τόν
1005 3561 1224 3658 πρωτότυπον
1240 3573 1285 3636 δι’
1299 3572 1416 3639 ἑαυτοῦ
1438 3597 1538 3660 παρα-

373 3693 407 3745 30
425 3685 574 3757 γίνεσθαι
607 3683 651 3754 εἰς
684 3678 723 3743 τό
759 3677 978 3764 δικαστήριον.
1028 3686 1054 3748 1.
1077 3679 1118 3744 ‘0
1141 3680 1178 3744 δέ
1211 3687 1405 3764 procuramur
1439 3675 1539 3754 οὕτως
1550 3691 1569 3741 1.

515 3911 536 3978 l)
554 3909 587 3972 εἰς
604 3912 656 3964 ins.
677 3911 720 3964 Vi.
739 3911 773 3964 R.
886 3910 907 3978 ἰ)
927 3914 1058 3982 κινοῦμεν
1077 3910 1119 3965 ad.
1139 3911 1183 3965 Vi.
1203 3911 1237 3965 R.
1356 3912 1379 3982 3)
1399 3910 1426 3966 d,
1444 3911 1489 3964 Vi.
1507 3911 1537 3964 R.

425 4000 448 4062 4)
467 3999 494 4053 οἱ
510 3999 561 4052 ins.
581 3999 623 4052 L⁶.
696 4000 718 4068 ὅ)
737 3997 762 4052 (1.
782 3999 824 4052 Lss.
844 3999 888 4053 Vi.
907 3999 955 4053 R.:
974 3997 1043 4072 ὑπὲρ
1062 3998 1104 4052 εδ.
1119 4015 1189 4053 omn.
1203 4004 1290 4067 praet.
1304 4001 1335 4054 F.
1408 4000 1430 4068 ὕ)
1449 3998 1538 4072 -ᾖῖ,

426 4089 447 4154 7)
466 4091 552 4143 τιτίου
569 4087 612 4141 L⁶.
721 4088 745 4156 ⁸)
764 4087 807 4142 ad.
826 4088 860 4144 M.
968 4087 990 4156 ⁹)
1010 4087 1112 4156 κινήσει
1129 4089 1163 4142 Μ.
1187 4087 1220 4144 G.
1330 4087 1365 4158 ¹⁰)
1383 4089 1476 4142 utilius
1494 4087 1538 4141 Hs

426 4176 541 4238 οὐτίλισς
559 4179 602 4231 Ll.
621 4177 664 4231 L2.
683 4178 725 4231 Lss.
782 4178 816 4246 1¹)
836 4181 860 4232 δ.
881 4177 925 4230 Vi.
944 4179 977 4231 R.
1034 4177 1068 4245 ¹²]
1087 4181 1184 4246 --έστη
1197 4178 1240 4231 Ιιθ.
1298 4178 1333 4245 ¹³)
1352 4181 1438 4249 -ῆγε
1450 4177 1493 4230 Vi.
1507 4177 1537 4231 R.
