<?xml version="1.0" encoding="UTF-8"?>
<!DOCTYPE html PUBLIC "-//W3C//DTD XHTML 1.0 Transitional//EN"
    "http://www.w3.org/TR/xhtml1/DTD/xhtml1-transitional.dtd">
<html xmlns="http://www.w3.org/1999/xhtml" xml:lang="en" lang="en">
 <head>
  <title>
</title>
<meta http-equiv="Content-Type" content="text/html;charset=utf-8" />
  <meta name='ocr-system' content='tesseract 3.04.00' />
  <meta name='ocr-capabilities' content='ocr_page ocr_carea ocr_par ocr_line ocrx_word'/>
</head>
<body>
  <div class='ocr_page' id='page_1' title='image "./institutionumgr01linggoog_0169.png"; bbox 0 0 3164 5338; ppageno 0'>
   <div class='ocr_carea' id='block_1_1' title="bbox 559 375 890 461">
    <p class='ocr_par' dir='ltr' id='par_1_1' title="bbox 559 375 890 461">
     <span class='ocr_line' id='line_1_1' title="bbox 559 375 890 461; baseline 0.003 0"><span class='ocrx_word' id='word_1_1' title='bbox 559 432 598 443; x_wconf 92' lang='lat'>-</span> <span class='ocrx_word' id='word_1_2' title='bbox 643 398 705 461; x_wconf 79' lang='lat' dir='ltr'>aaa</span> <span class='ocrx_word' id='word_1_3' title='bbox 736 375 794 444; x_wconf 79' lang='lat'>&#39;-·</span> <span class='ocrx_word' id='word_1_4' title='bbox 884 377 890 390; x_wconf 85' lang='lat'>&#39;</span> 
     </span>
    </p>
   </div>
   <div class='ocr_carea' id='block_1_2' title="bbox 89 583 1285 3303">
    <p class='ocr_par' dir='ltr' id='par_1_2' title="bbox 118 583 1267 1384">
     <span class='ocr_line' id='line_1_2' title="bbox 129 583 1233 666; baseline 0.004 -20"><span class='ocrx_word' id='word_1_5' title='bbox 129 601 190 646; x_wconf 90' lang='lat' dir='ltr'>eum</span> <span class='ocrx_word' id='word_1_6' title='bbox 210 583 327 664; x_wconf 88' lang='lat' dir='ltr'>pariter</span> <span class='ocrx_word' id='word_1_7' title='bbox 348 583 530 663; x_wconf 88' lang='lat' dir='ltr'>absurdum,</span> <span class='ocrx_word' id='word_1_8' title='bbox 553 604 593 651; x_wconf 92' lang='lat' dir='ltr'>ne</span> <span class='ocrx_word' id='word_1_9' title='bbox 612 585 718 652; x_wconf 83' lang='lat' dir='ltr'>iudicii</span> <span class='ocrx_word' id='word_1_10' title='bbox 733 586 866 652; x_wconf 81' lang='lat' dir='ltr'>uictoria</span> <span class='ocrx_word' id='word_1_11' title='bbox 880 585 1005 652; x_wconf 71' lang='lat' dir='ltr'>&#39;inutilis</span> <span class='ocrx_word' id='word_1_12' title='bbox 1019 583 1094 650; x_wconf 89' lang='lat' dir='ltr'>mihi</span> <span class='ocrx_word' id='word_1_13' title='bbox 1109 584 1233 666; x_wconf 85' lang='lat' dir='ltr'>euadat,</span> 
     </span>
     <span class='ocr_line' id='line_1_3' title="bbox 127 700 1232 790; baseline 0.005 -24"><span class='ocrx_word' id='word_1_14' title='bbox 127 700 250 768; x_wconf 87' lang='lat' dir='ltr'>officium</span> <span class='ocrx_word' id='word_1_15' title='bbox 277 702 389 769; x_wconf 82' lang='lat' dir='ltr'>iudicis</span> <span class='ocrx_word' id='word_1_16' title='bbox 417 707 466 769; x_wconf 91' lang='lat' dir='ltr'>est</span> <span class='ocrx_word' id='word_1_17' title='bbox 495 723 585 770; x_wconf 91' lang='lat' dir='ltr'>reum</span> <span class='ocrx_word' id='word_1_18' title='bbox 612 722 722 788; x_wconf 84' lang='lat' dir='ltr'>cogere</span> <span class='ocrx_word' id='word_1_19' title='bbox 749 706 925 790; x_wconf 82' lang='lat' dir='ltr'>cautionem</span> <span class='ocrx_word' id='word_1_20' title='bbox 951 710 1128 788; x_wconf 85' lang='lat' dir='ltr'>praestare:</span> <span class='ocrx_word' id='word_1_21' title='bbox 1155 724 1232 783; x_wconf 88' lang='lat' dir='ltr'>sese,</span> 
     </span>
     <span class='ocr_line' id='line_1_4' title="bbox 118 821 1234 905; baseline 0.004 -19"><span class='ocrx_word' id='word_1_22' title='bbox 118 841 188 900; x_wconf 76' lang='lat' dir='ltr'>¹oum</span> <span class='ocrx_word' id='word_1_23' title='bbox 208 821 290 888; x_wconf 91' lang='lat' dir='ltr'>huno</span> <span class='ocrx_word' id='word_1_24' title='bbox 312 841 440 888; x_wconf 86' lang='lat' dir='ltr'>seruum</span> <span class='ocrx_word' id='word_1_25' title='bbox 463 825 628 905; x_wconf 88' lang='lat' dir='ltr'>inuenerit,</span> <span class='ocrx_word' id='word_1_26' title='bbox 652 825 805 892; x_wconf 85' lang='lat' dir='ltr'>aduersus</span> <span class='ocrx_word' id='word_1_27' title='bbox 828 826 1022 891; x_wconf 78' lang='lat' dir='ltr'>detentorem</span> <span class='ocrx_word' id='word_1_28' title='bbox 1043 825 1075 890; x_wconf 94' lang='lat' dir='ltr'>in</span> <span class='ocrx_word' id='word_1_29' title='bbox 1097 843 1163 889; x_wconf 92' lang='lat' dir='ltr'>rem</span> <span class='ocrx_word' id='word_1_30' title='bbox 1185 843 1234 890; x_wconf 86' lang='lat' dir='ltr'>ae·</span> 
     </span>
     <span class='ocr_line' id='line_1_5' title="bbox 125 942 1234 1026; baseline 0.004 -20"><span class='ocrx_word' id='word_1_31' title='bbox 125 947 237 1020; x_wconf 81' lang='lat' dir='ltr'>tununn,</span> <span class='ocrx_word' id='word_1_32' title='bbox 267 942 382 1024; x_wconf 89' lang='lat' dir='ltr'>quippe</span> <span class='ocrx_word' id='word_1_33' title='bbox 412 942 467 1024; x_wconf 89' lang='lat' dir='ltr'>qui</span> <span class='ocrx_word' id='word_1_34' title='bbox 495 962 552 1025; x_wconf 91' lang='lat' dir='ltr'>per</span> <span class='ocrx_word' id='word_1_35' title='bbox 580 945 816 1026; x_wconf 83' lang='lat' dir='ltr'>usucapionem,</span> <span class='ocrx_word' id='word_1_36' title='bbox 844 945 893 1010; x_wconf 90' lang='lat' dir='ltr'>uti</span> <span class='ocrx_word' id='word_1_37' title='bbox 915 945 1062 1023; x_wconf 83' lang='lat' dir='ltr'>diximus,</span> <span class='ocrx_word' id='word_1_38' title='bbox 1090 944 1234 1010; x_wconf 89' lang='lat' dir='ltr'>dominus</span> 
     </span>
     <span class='ocr_line' id='line_1_6' title="bbox 124 1059 1267 1147; baseline 0.003 -22"><span class='ocrx_word' id='word_1_39' title='bbox 124 1059 216 1126; x_wconf 86' lang='lat' dir='ltr'>iactus</span> <span class='ocrx_word' id='word_1_40' title='bbox 238 1062 289 1140; x_wconf 91' lang='lat' dir='ltr'>sit,</span> <span class='ocrx_word' id='word_1_41' title='bbox 313 1081 448 1144; x_wconf 88' lang='lat' dir='ltr'>eumque</span> <span class='ocrx_word' id='word_1_42' title='bbox 464 1083 520 1129; x_wconf 88' lang='lat' dir='ltr'>seu</span> <span class='ocrx_word' id='word_1_43' title='bbox 540 1064 606 1130; x_wconf 88' lang='lat' dir='ltr'>eius</span> <span class='ocrx_word' id='word_1_44' title='bbox 622 1065 758 1146; x_wconf 86' lang='lat' dir='ltr'>pretium</span> <span class='ocrx_word' id='word_1_45' title='bbox 772 1065 849 1130; x_wconf 93' lang='lat' dir='ltr'>mihi</span> <span class='ocrx_word' id='word_1_46' title='bbox 869 1071 981 1147; x_wconf 88' lang='lat' dir='ltr'>postea</span> <span class='ocrx_word' id='word_1_47' title='bbox 1001 1065 1267 1141; x_wconf 60' lang='lat' dir='ltr'>restituturum</span> 
     </span>
     <span class='ocr_line' id='line_1_7' title="bbox 123 1179 1234 1266; baseline 0.002 -20"><span class='ocrx_word' id='word_1_48' title='bbox 123 1179 176 1246; x_wconf 88' lang='lat' dir='ltr'>nisi</span> <span class='ocrx_word' id='word_1_49' title='bbox 196 1181 278 1246; x_wconf 89' lang='lat' dir='ltr'>enim</span> <span class='ocrx_word' id='word_1_50' title='bbox 300 1181 363 1246; x_wconf 88' lang='lat' dir='ltr'>iam</span> <span class='ocrx_word' id='word_1_51' title='bbox 385 1181 541 1249; x_wconf 86' lang='lat' dir='ltr'>hominem</span> <span class='ocrx_word' id='word_1_52' title='bbox 571 1185 780 1266; x_wconf 87' lang='lat' dir='ltr'>usuoepisset,</span> <span class='ocrx_word' id='word_1_53' title='bbox 805 1185 962 1251; x_wconf 86' lang='lat' dir='ltr'>¹eiusmodi</span> <span class='ocrx_word' id='word_1_54' title='bbox 989 1184 1143 1250; x_wconf 84' lang='lat' dir='ltr'>cautionis</span> <span class='ocrx_word' id='word_1_55' title='bbox 1171 1203 1234 1248; x_wconf 91' lang='lat' dir='ltr'>non</span> 
     </span>
     <span class='ocr_line' id='line_1_8' title="bbox 122 1299 1234 1384; baseline 0.004 -19"><span class='ocrx_word' id='word_1_56' title='bbox 122 1299 293 1382; x_wconf 83' lang='lat' dir='ltr'>indigerem.</span> <span class='ocrx_word' id='word_1_57' title='bbox 328 1301 397 1384; x_wconf 90' lang='lat' dir='ltr'>ipse</span> <span class='ocrx_word' id='word_1_58' title='bbox 418 1301 501 1367; x_wconf 87' lang='lat' dir='ltr'>onim</span> <span class='ocrx_word' id='word_1_59' title='bbox 523 1308 633 1369; x_wconf 87' lang='lat' dir='ltr'>contra</span> <span class='ocrx_word' id='word_1_60' title='bbox 654 1308 775 1370; x_wconf 84' lang='lat' dir='ltr'>ceteros</span> <span class='ocrx_word' id='word_1_61' title='bbox 798 1304 977 1371; x_wconf 75' lang='lat' dir='ltr'>detentores</span> <span class='ocrx_word' id='word_1_62' title='bbox 999 1304 1030 1368; x_wconf 89' lang='lat' dir='ltr'>in</span> <span class='ocrx_word' id='word_1_63' title='bbox 1053 1323 1119 1369; x_wconf 90' lang='lat' dir='ltr'>rem</span> <span class='ocrx_word' id='word_1_64' title='bbox 1141 1321 1234 1384; x_wconf 82' lang='lat' dir='ltr'>agere</span> 
     </span>
    </p>

    <p class='ocr_par' dir='ltr' id='par_1_3' title="bbox 89 1421 1285 3303">
     <span class='ocr_line' id='line_1_9' title="bbox 89 1421 1234 1506; baseline 0.002 -22"><span class='ocrx_word' id='word_1_65' title='bbox 89 1427 109 1475; x_wconf 78' lang='lat'>2·</span> <span class='ocrx_word' id='word_1_66' title='bbox 123 1438 247 1500; x_wconf 89' lang='lat' dir='ltr'>possem.</span> <span class='ocrx_word' id='word_1_67' title='bbox 294 1423 322 1485; x_wconf 78' lang='lat'>2.</span> <span class='ocrx_word' id='word_1_68' title='bbox 346 1421 529 1487; x_wconf 79' lang='lat' dir='ltr'>Praetoriae</span> <span class='ocrx_word' id='word_1_69' title='bbox 551 1423 769 1505; x_wconf 86' lang='lat' dir='ltr'>stipulationes</span> <span class='ocrx_word' id='word_1_70' title='bbox 798 1429 873 1490; x_wconf 88' lang='lat' dir='ltr'>sunt</span> <span class='ocrx_word' id='word_1_71' title='bbox 894 1443 975 1506; x_wconf 89' lang='lat' dir='ltr'>quae</span> <span class='ocrx_word' id='word_1_72' title='bbox 997 1444 1016 1489; x_wconf 92' lang='lat' dir='ltr'>a</span> <span class='ocrx_word' id='word_1_73' title='bbox 1037 1441 1125 1488; x_wconf 87' lang='lat' dir='ltr'>mera</span> <span class='ocrx_word' id='word_1_74' title='bbox 1145 1440 1234 1504; x_wconf 72' lang='lat' dir='ltr'>prae—</span> 
     </span>
     <span class='ocr_line' id='line_1_10' title="bbox 121 1539 1233 1622; baseline 0.004 -19"><span class='ocrx_word' id='word_1_75' title='bbox 121 1539 190 1604; x_wconf 89' lang='lat' dir='ltr'>toris</span> <span class='ocrx_word' id='word_1_76' title='bbox 212 1540 427 1606; x_wconf 82' lang='lat' dir='ltr'>iurisdictione</span> <span class='ocrx_word' id='word_1_77' title='bbox 451 1542 657 1622; x_wconf 84' lang='lat' dir='ltr'>descendunt,</span> <span class='ocrx_word' id='word_1_78' title='bbox 681 1543 781 1610; x_wconf 90' lang='lat' dir='ltr'>ueluti</span> <span class='ocrx_word' id='word_1_79' title='bbox 804 1544 931 1609; x_wconf 91' lang='lat' dir='ltr'>damni</span> <span class='ocrx_word' id='word_1_80' title='bbox 953 1542 1102 1610; x_wconf 84' lang='lat' dir='ltr'>iniecti.</span> <span class='ocrx_word' id='word_1_81' title='bbox 1145 1542 1233 1608; x_wconf 86' lang='lat' dir='ltr'>locus</span> 
     </span>
     <span class='ocr_line' id='line_1_11' title="bbox 120 1645 1285 1745; baseline 0.007 -24"><span class='ocrx_word' id='word_1_82' title='bbox 120 1657 184 1725; x_wconf 83' lang='lat' dir='ltr'>huia</span> <span class='ocrx_word' id='word_1_83' title='bbox 212 1663 262 1724; x_wconf 92' lang='lat' dir='ltr'>est</span> <span class='ocrx_word' id='word_1_84' title='bbox 290 1679 361 1726; x_wconf 89' lang='lat' dir='ltr'>oum</span> <span class='ocrx_word' id='word_1_85' title='bbox 391 1661 486 1726; x_wconf 85' lang='lat' dir='ltr'>uicini</span> <span class='ocrx_word' id='word_1_86' title='bbox 517 1662 610 1728; x_wconf 86' lang='lat' dir='ltr'>aedes</span> <span class='ocrx_word' id='word_1_87' title='bbox 639 1669 768 1745; x_wconf 88' lang='lat' dir='ltr'>propter</span> <span class='ocrx_word' id='word_1_88' title='bbox 789 1645 1002 1729; x_wconf 85' lang='lat' dir='ltr'>inhaerentem</span> <span class='ocrx_word' id='word_1_89' title='bbox 1029 1663 1073 1728; x_wconf 91' lang='lat' dir='ltr'>eis</span> <span class='ocrx_word' id='word_1_90' title='bbox 1095 1662 1234 1744; x_wconf 90' lang='lat' dir='ltr'>putredi-</span> <span class='ocrx_word' id='word_1_91' title='bbox 1253 1677 1285 1729; x_wconf 83' lang='grc' dir='ltr'>ιο</span> 
     </span>
     <span class='ocr_line' id='line_1_12' title="bbox 121 1780 1232 1848; baseline 0.002 -4"><span class='ocrx_word' id='word_1_92' title='bbox 121 1798 184 1844; x_wconf 91' lang='lat' dir='ltr'>nem</span> <span class='ocrx_word' id='word_1_93' title='bbox 204 1780 329 1846; x_wconf 86' lang='lat' dir='ltr'>ruinam</span> <span class='ocrx_word' id='word_1_94' title='bbox 357 1780 532 1846; x_wconf 89' lang='lat' dir='ltr'>minantur:</span> <span class='ocrx_word' id='word_1_95' title='bbox 561 1782 588 1848; x_wconf 91' lang='lat' dir='ltr'>si</span> <span class='ocrx_word' id='word_1_96' title='bbox 616 1782 699 1848; x_wconf 93' lang='lat' dir='ltr'>enim</span> <span class='ocrx_word' id='word_1_97' title='bbox 726 1783 765 1848; x_wconf 92' lang='lat' dir='ltr'>de</span> <span class='ocrx_word' id='word_1_98' title='bbox 792 1802 901 1848; x_wconf 91' lang='lat' dir='ltr'>earum</span> <span class='ocrx_word' id='word_1_99' title='bbox 923 1781 1090 1848; x_wconf 80' lang='lat' dir='ltr'>reiectione</span> <span class='ocrx_word' id='word_1_100' title='bbox 1111 1781 1232 1847; x_wconf 76' lang='lat' dir='ltr'>nucinas</span> 
     </span>
     <span class='ocr_line' id='line_1_13' title="bbox 121 1900 1233 1983; baseline 0.002 -19"><span class='ocrx_word' id='word_1_101' title='bbox 121 1917 219 1964; x_wconf 86' lang='lat' dir='ltr'>euram</span> <span class='ocrx_word' id='word_1_102' title='bbox 241 1918 336 1982; x_wconf 80' lang='lat' dir='ltr'>agere</span> <span class='ocrx_word' id='word_1_103' title='bbox 358 1900 439 1966; x_wconf 93' lang='lat' dir='ltr'>nolit</span> <span class='ocrx_word' id='word_1_104' title='bbox 453 1919 555 1983; x_wconf 88' lang='lat' dir='ltr'>neque</span> <span class='ocrx_word' id='word_1_105' title='bbox 577 1920 698 1980; x_wconf 83' lang='lat' dir='ltr'>cauere,</span> <span class='ocrx_word' id='word_1_106' title='bbox 722 1902 756 1968; x_wconf 92' lang='lat' dir='ltr'>si</span> <span class='ocrx_word' id='word_1_107' title='bbox 778 1921 823 1969; x_wconf 80' lang='lat' dir='ltr'>ex</span> <span class='ocrx_word' id='word_1_108' title='bbox 845 1920 979 1968; x_wconf 87' lang='lat' dir='ltr'>earum</span> <span class='ocrx_word' id='word_1_109' title='bbox 1001 1901 1121 1966; x_wconf 87' lang='lat' dir='ltr'>ruina</span> <span class='ocrx_word' id='word_1_110' title='bbox 1142 1901 1233 1966; x_wconf 90' lang='lat' dir='ltr'>mihi</span> 
     </span>
     <span class='ocr_line' id='line_1_14' title="bbox 120 2017 1233 2104; baseline 0.004 -22"><span class='ocrx_word' id='word_1_111' title='bbox 120 2017 290 2084; x_wconf 88' lang='lat' dir='ltr'>damnum</span> <span class='ocrx_word' id='word_1_112' title='bbox 320 2019 474 2086; x_wconf 84' lang='lat' dir='ltr'>laetum</span> <span class='ocrx_word' id='word_1_113' title='bbox 507 2022 597 2100; x_wconf 88' lang='lat' dir='ltr'>erit,</span> <span class='ocrx_word' id='word_1_114' title='bbox 630 2023 768 2104; x_wconf 86' lang='lat' dir='ltr'>quanti</span> <span class='ocrx_word' id='word_1_115' title='bbox 802 2042 845 2089; x_wconf 87' lang='lat' dir='ltr'>ea</span> <span class='ocrx_word' id='word_1_116' title='bbox 871 2042 934 2088; x_wconf 90' lang='lat' dir='ltr'>res</span> <span class='ocrx_word' id='word_1_117' title='bbox 962 2022 1053 2100; x_wconf 89' lang='lat' dir='ltr'>erit,</span> <span class='ocrx_word' id='word_1_118' title='bbox 1086 2025 1233 2088; x_wconf 88' lang='lat' dir='ltr'>tantam</span> 
     </span>
     <span class='ocr_line' id='line_1_15' title="bbox 119 2139 1233 2228; baseline 0.005 -26"><span class='ocrx_word' id='word_1_119' title='bbox 119 2139 206 2203; x_wconf 91' lang='lat' dir='ltr'>nihi</span> <span class='ocrx_word' id='word_1_120' title='bbox 227 2140 439 2222; x_wconf 84' lang='lat' dir='ltr'>pecuniam</span> <span class='ocrx_word' id='word_1_121' title='bbox 461 2140 571 2220; x_wconf 90' lang='lat' dir='ltr'>dare,</span> <span class='ocrx_word' id='word_1_122' title='bbox 594 2142 626 2207; x_wconf 92' lang='lat' dir='ltr'>in</span> <span class='ocrx_word' id='word_1_123' title='bbox 648 2143 773 2208; x_wconf 86' lang='lat' dir='ltr'>aedium</span> <span class='ocrx_word' id='word_1_124' title='bbox 796 2143 982 2208; x_wconf 80' lang='lat' dir='ltr'>uitiosorum</span> <span class='ocrx_word' id='word_1_125' title='bbox 1003 2143 1233 2228; x_wconf 89' lang='lat' dir='ltr'>possessionem</span> 
     </span>
     <span class='ocr_line' id='line_1_16' title="bbox 119 2257 1283 2346; baseline 0.004 -23"><span class='ocrx_word' id='word_1_126' title='bbox 119 2257 225 2324; x_wconf 87' lang='lat' dir='ltr'>mittor.</span> <span class='ocrx_word' id='word_1_127' title='bbox 261 2258 347 2340; x_wconf 90' lang='lat' dir='ltr'>quod</span> <span class='ocrx_word' id='word_1_128' title='bbox 362 2259 389 2326; x_wconf 89' lang='lat' dir='ltr'>si</span> <span class='ocrx_word' id='word_1_129' title='bbox 404 2260 527 2327; x_wconf 91' lang='lat' dir='ltr'>uicinus</span> <span class='ocrx_word' id='word_1_130' title='bbox 548 2263 627 2327; x_wconf 94' lang='lat' dir='ltr'>nolit</span> <span class='ocrx_word' id='word_1_131' title='bbox 641 2281 692 2328; x_wconf 92' lang='lat' dir='ltr'>me</span> <span class='ocrx_word' id='word_1_132' title='bbox 712 2263 745 2326; x_wconf 92' lang='lat' dir='ltr'>in</span> <span class='ocrx_word' id='word_1_133' title='bbox 767 2263 834 2327; x_wconf 91' lang='lat' dir='ltr'>eius</span> <span class='ocrx_word' id='word_1_134' title='bbox 858 2262 982 2328; x_wconf 86' lang='lat' dir='ltr'>aedium</span> <span class='ocrx_word' id='word_1_135' title='bbox 1003 2263 1233 2346; x_wconf 91' lang='lat' dir='ltr'>possessionem</span> <span class='ocrx_word' id='word_1_136' title='bbox 1253 2269 1283 2321; x_wconf 86' lang='lat'>15</span> 
     </span>
     <span class='ocr_line' id='line_1_17' title="bbox 119 2377 1234 2480; baseline 0.005 -38"><span class='ocrx_word' id='word_1_137' title='bbox 119 2377 200 2480; x_wconf 80' lang='lat' dir='ltr'>mitti,</span> <span class='ocrx_word' id='word_1_138' title='bbox 224 2379 350 2460; x_wconf 84' lang='lat' dir='ltr'>cogitur</span> <span class='ocrx_word' id='word_1_139' title='bbox 372 2379 526 2445; x_wconf 89' lang='lat' dir='ltr'>eiusmodi</span> <span class='ocrx_word' id='word_1_140' title='bbox 548 2381 781 2464; x_wconf 86' lang='lat' dir='ltr'>stipulationem</span> <span class='ocrx_word' id='word_1_141' title='bbox 804 2381 880 2446; x_wconf 90' lang='lat' dir='ltr'>mihi</span> <span class='ocrx_word' id='word_1_142' title='bbox 902 2382 1129 2466; x_wconf 86' lang='lat' dir='ltr'>repromittere,</span> <span class='ocrx_word' id='word_1_143' title='bbox 1152 2401 1234 2464; x_wconf 89' lang='lat' dir='ltr'>quae</span> 
     </span>
     <span class='ocr_line' id='line_1_18' title="bbox 121 2497 1233 2578; baseline 0.004 -16"><span class='ocrx_word' id='word_1_144' title='bbox 121 2497 265 2563; x_wconf 83' lang='lat' dir='ltr'>«damni</span> <span class='ocrx_word' id='word_1_145' title='bbox 287 2497 450 2565; x_wconf 72' lang='lat' dir='ltr'>iniec-ti«</span> <span class='ocrx_word' id='word_1_146' title='bbox 476 2505 619 2578; x_wconf 85' lang='lat' dir='ltr'>uocatur,</span> <span class='ocrx_word' id='word_1_147' title='bbox 643 2519 714 2566; x_wconf 85' lang='lat' dir='ltr'>oum</span> <span class='ocrx_word' id='word_1_148' title='bbox 734 2500 874 2566; x_wconf 89' lang='lat' dir='ltr'>nondum</span> <span class='ocrx_word' id='word_1_149' title='bbox 889 2520 927 2567; x_wconf 88' lang='lat' dir='ltr'>ex</span> <span class='ocrx_word' id='word_1_150' title='bbox 948 2501 1041 2568; x_wconf 87' lang='lat' dir='ltr'>ruina</span> <span class='ocrx_word' id='word_1_151' title='bbox 1062 2501 1161 2566; x_wconf 88' lang='lat' dir='ltr'>ullum</span> <span class='ocrx_word' id='word_1_152' title='bbox 1183 2520 1233 2566; x_wconf 86' lang='lat' dir='ltr'>aa·</span> 
     </span>
     <span class='ocr_line' id='line_1_19' title="bbox 119 2616 1233 2702; baseline 0.004 -20"><span class='ocrx_word' id='word_1_153' title='bbox 119 2616 219 2684; x_wconf 76' lang='lat' dir='ltr'>diderit</span> <span class='ocrx_word' id='word_1_154' title='bbox 241 2618 401 2684; x_wconf 90' lang='lat' dir='ltr'>damnum.</span> <span class='ocrx_word' id='word_1_155' title='bbox 436 2619 599 2685; x_wconf 88' lang='lat' dir='ltr'>Eiusmodi</span> <span class='ocrx_word' id='word_1_156' title='bbox 622 2625 671 2686; x_wconf 89' lang='lat' dir='ltr'>est</span> <span class='ocrx_word' id='word_1_157' title='bbox 692 2625 725 2687; x_wconf 92' lang='lat' dir='ltr'>et</span> <span class='ocrx_word' id='word_1_158' title='bbox 745 2621 922 2702; x_wconf 82' lang='lat' dir='ltr'>legatorum</span> <span class='ocrx_word' id='word_1_159' title='bbox 944 2621 1056 2688; x_wconf 83' lang='lat' dir='ltr'>cautio.</span> <span class='ocrx_word' id='word_1_160' title='bbox 1095 2621 1128 2688; x_wconf 87' lang='lat' dir='ltr'>Si</span> <span class='ocrx_word' id='word_1_161' title='bbox 1150 2621 1233 2686; x_wconf 90' lang='lat' dir='ltr'>enim</span> 
     </span>
     <span class='ocr_line' id='line_1_20' title="bbox 119 2737 1233 2822; baseline 0.004 -21"><span class='ocrx_word' id='word_1_162' title='bbox 119 2737 180 2818; x_wconf 80' lang='lat' dir='ltr'>qrris</span> <span class='ocrx_word' id='word_1_163' title='bbox 201 2739 340 2804; x_wconf 87' lang='lat' dir='ltr'>moriens</span> <span class='ocrx_word' id='word_1_164' title='bbox 363 2745 394 2805; x_wconf 86' lang='lat' dir='ltr'>te</span> <span class='ocrx_word' id='word_1_165' title='bbox 416 2738 563 2805; x_wconf 88' lang='lat' dir='ltr'>heredem</span> <span class='ocrx_word' id='word_1_166' title='bbox 591 2739 739 2806; x_wconf 85' lang='lat' dir='ltr'>instituat</span> <span class='ocrx_word' id='word_1_167' title='bbox 758 2741 961 2822; x_wconf 86' lang='lat' dir='ltr'>legatumque</span> <span class='ocrx_word' id='word_1_168' title='bbox 981 2741 1057 2805; x_wconf 93' lang='lat' dir='ltr'>mihi</span> <span class='ocrx_word' id='word_1_169' title='bbox 1079 2741 1138 2807; x_wconf 92' lang='lat' dir='ltr'>sub</span> <span class='ocrx_word' id='word_1_170' title='bbox 1161 2759 1233 2806; x_wconf 88' lang='lat' dir='ltr'>oon·</span> 
     </span>
     <span class='ocr_line' id='line_1_21' title="bbox 118 2853 1283 2940; baseline 0.003 -19"><span class='ocrx_word' id='word_1_171' title='bbox 118 2853 230 2922; x_wconf 87' lang='lat' dir='ltr'>dicione</span> <span class='ocrx_word' id='word_1_172' title='bbox 244 2857 413 2940; x_wconf 85' lang='lat' dir='ltr'>relinquat,</span> <span class='ocrx_word' id='word_1_173' title='bbox 433 2858 543 2936; x_wconf 90' lang='lat' dir='ltr'>ueluti,</span> <span class='ocrx_word' id='word_1_174' title='bbox 570 2859 627 2924; x_wconf 73' lang='lat' dir='ltr'>»si</span> <span class='ocrx_word' id='word_1_175' title='bbox 648 2859 761 2925; x_wconf 89' lang='lat' dir='ltr'>nauis</span> <span class='ocrx_word' id='word_1_176' title='bbox 777 2879 818 2926; x_wconf 81' lang='lat' dir='ltr'>er</span> <span class='ocrx_word' id='word_1_177' title='bbox 832 2860 925 2925; x_wconf 86' lang='lat' dir='ltr'>Asia</span> <span class='ocrx_word' id='word_1_178' title='bbox 945 2860 1137 2940; x_wconf 74' lang='lat' dir='ltr'>uenerit«,</span> <span class='ocrx_word' id='word_1_179' title='bbox 1160 2879 1232 2926; x_wconf 87' lang='lat' dir='ltr'>oum</span> <span class='ocrx_word' id='word_1_180' title='bbox 1249 2867 1283 2918; x_wconf 70' lang='lat'>20</span> 
     </span>
     <span class='ocr_line' id='line_1_22' title="bbox 119 2975 1232 3062; baseline 0.004 -23"><span class='ocrx_word' id='word_1_181' title='bbox 119 2975 211 3042; x_wconf 86' lang='lat' dir='ltr'>adhuc</span> <span class='ocrx_word' id='word_1_182' title='bbox 244 2977 425 3044; x_wconf 80' lang='lat' dir='ltr'>condicione</span> <span class='ocrx_word' id='word_1_183' title='bbox 456 2977 625 3062; x_wconf 85' lang='lat' dir='ltr'>pendente,</span> <span class='ocrx_word' id='word_1_184' title='bbox 659 2983 770 3044; x_wconf 86' lang='lat' dir='ltr'>eontra</span> <span class='ocrx_word' id='word_1_185' title='bbox 802 2983 835 3044; x_wconf 88' lang='lat' dir='ltr'>te</span> <span class='ocrx_word' id='word_1_186' title='bbox 867 2979 1013 3046; x_wconf 90' lang='lat' dir='ltr'>heredem</span> <span class='ocrx_word' id='word_1_187' title='bbox 1046 2999 1139 3062; x_wconf 86' lang='lat' dir='ltr'>agere</span> <span class='ocrx_word' id='word_1_188' title='bbox 1169 2999 1232 3045; x_wconf 92' lang='lat' dir='ltr'>non</span> 
     </span>
     <span class='ocr_line' id='line_1_23' title="bbox 118 3097 1231 3181; baseline 0.004 -20"><span class='ocrx_word' id='word_1_189' title='bbox 118 3097 240 3177; x_wconf 91' lang='lat' dir='ltr'>possim,</span> <span class='ocrx_word' id='word_1_190' title='bbox 269 3117 372 3181; x_wconf 86' lang='lat' dir='ltr'>neque</span> <span class='ocrx_word' id='word_1_191' title='bbox 400 3099 563 3164; x_wconf 91' lang='lat' dir='ltr'>minimum</span> <span class='ocrx_word' id='word_1_192' title='bbox 585 3118 698 3164; x_wconf 90' lang='lat' dir='ltr'>uerear</span> <span class='ocrx_word' id='word_1_193' title='bbox 719 3104 756 3164; x_wconf 91' lang='lat' dir='ltr'>ut</span> <span class='ocrx_word' id='word_1_194' title='bbox 777 3110 814 3163; x_wconf 89' lang='lat' dir='ltr'>tu</span> <span class='ocrx_word' id='word_1_195' title='bbox 836 3099 995 3164; x_wconf 88' lang='lat' dir='ltr'>interdum</span> <span class='ocrx_word' id='word_1_196' title='bbox 1017 3099 1107 3165; x_wconf 89' lang='lat' dir='ltr'>heres</span> <span class='ocrx_word' id='word_1_197' title='bbox 1129 3097 1231 3166; x_wconf 83' lang='lat' dir='ltr'>faetus</span> 
     </span>
     <span class='ocr_line' id='line_1_24' title="bbox 118 3215 1232 3303; baseline 0.005 -22"><span class='ocrx_word' id='word_1_198' title='bbox 118 3215 191 3284; x_wconf 87' lang='lat' dir='ltr'>bona</span> <span class='ocrx_word' id='word_1_199' title='bbox 212 3237 380 3284; x_wconf 86' lang='lat' dir='ltr'>consumas</span> <span class='ocrx_word' id='word_1_200' title='bbox 400 3224 433 3284; x_wconf 89' lang='lat' dir='ltr'>et</span> <span class='ocrx_word' id='word_1_201' title='bbox 452 3237 575 3303; x_wconf 85' lang='lat' dir='ltr'>pauper</span> <span class='ocrx_word' id='word_1_202' title='bbox 595 3215 661 3298; x_wconf 87' lang='lat' dir='ltr'>fias,</span> <span class='ocrx_word' id='word_1_203' title='bbox 685 3223 718 3285; x_wconf 90' lang='lat' dir='ltr'>et</span> <span class='ocrx_word' id='word_1_204' title='bbox 738 3218 815 3284; x_wconf 91' lang='lat' dir='ltr'>mihi</span> <span class='ocrx_word' id='word_1_205' title='bbox 836 3219 999 3286; x_wconf 86' lang='lat' dir='ltr'>testatoris</span> <span class='ocrx_word' id='word_1_206' title='bbox 1020 3220 1232 3288; x_wconf 88' lang='lat' dir='ltr'>beniuolentia</span> 
     </span>
    </p>
   </div>
   <div class='ocr_carea' id='block_1_3' title="bbox 0 0 1586 5338">
    <p class='ocr_par' dir='ltr' id='par_1_4' title="bbox 0 0 1586 5338">
     <span class='ocr_line' id='line_1_25' title="bbox 0 0 1586 5338; baseline 0 3"><span class='ocrx_word' id='word_1_207' title='bbox 0 0 1586 5338; x_wconf 95' lang='lat' dir='ltr'> </span> 
     </span>
    </p>
   </div>
  </div>
 </body>
</html>
