<?xml version="1.0" encoding="UTF-8"?>
<!DOCTYPE html PUBLIC "-//W3C//DTD XHTML 1.0 Transitional//EN"
    "http://www.w3.org/TR/xhtml1/DTD/xhtml1-transitional.dtd">
<html xmlns="http://www.w3.org/1999/xhtml" xml:lang="en" lang="en">
 <head>
  <title>
</title>
<meta http-equiv="Content-Type" content="text/html;charset=utf-8" />
  <meta name='ocr-system' content='tesseract 3.04.00' />
  <meta name='ocr-capabilities' content='ocr_page ocr_carea ocr_par ocr_line ocrx_word'/>
</head>
<body>
  <div class='ocr_page' id='page_1' title='image "./institutionumgr01linggoog_0021.png"; bbox 0 0 3370 5350; ppageno 0'>
   <div class='ocr_carea' id='block_1_1' title="bbox 645 387 875 449">
    <p class='ocr_par' dir='ltr' id='par_1_1' title="bbox 645 387 875 449">
     <span class='ocr_line' id='line_1_1' title="bbox 645 387 875 449; baseline 0.004 -1"><span class='ocrx_word' id='word_1_1' title='bbox 645 387 875 449; x_wconf 81' lang='lat'>-261-</span> 
     </span>
    </p>
   </div>
   <div class='ocr_carea' id='block_1_2' title="bbox 142 561 1369 2694">
    <p class='ocr_par' dir='ltr' id='par_1_2' title="bbox 142 561 1369 2694">
     <span class='ocr_line' id='line_1_2' title="bbox 193 561 1318 653; baseline 0.003 -17"><span class='ocrx_word' id='word_1_2' title='bbox 193 572 597 652; x_wconf 84' lang='lat' dir='ltr'>bonorumpossessionem</span> <span class='ocrx_word' id='word_1_3' title='bbox 624 561 755 638; x_wconf 74' lang='lat' dir='ltr'>»unde</span> <span class='ocrx_word' id='word_1_4' title='bbox 770 572 935 653; x_wconf 81' lang='lat' dir='ltr'>liberi«,</span> <span class='ocrx_word' id='word_1_5' title='bbox 959 591 1012 639; x_wconf 90' lang='lat' dir='ltr'>eos</span> <span class='ocrx_word' id='word_1_6' title='bbox 1035 573 1075 638; x_wconf 90' lang='lat' dir='ltr'>ad</span> <span class='ocrx_word' id='word_1_7' title='bbox 1091 575 1318 640; x_wconf 82' lang='lat' dir='ltr'>successionem</span> 
     </span>
     <span class='ocr_line' id='line_1_3' title="bbox 196 689 1319 775; baseline 0.004 -21"><span class='ocrx_word' id='word_1_8' title='bbox 196 689 338 756; x_wconf 90' lang='lat' dir='ltr'>defuncti</span> <span class='ocrx_word' id='word_1_9' title='bbox 353 703 468 758; x_wconf 84' lang='lat' dir='ltr'>uocans</span> <span class='ocrx_word' id='word_1_10' title='bbox 484 693 611 774; x_wconf 84' lang='lat' dir='ltr'>perinde</span> <span class='ocrx_word' id='word_1_11' title='bbox 626 711 663 758; x_wconf 88' lang='lat' dir='ltr'>ao</span> <span class='ocrx_word' id='word_1_12' title='bbox 678 694 704 756; x_wconf 94' lang='lat' dir='ltr'>si</span> <span class='ocrx_word' id='word_1_13' title='bbox 720 695 829 758; x_wconf 90' lang='lat' dir='ltr'>mortis</span> <span class='ocrx_word' id='word_1_14' title='bbox 845 701 985 774; x_wconf 89' lang='lat' dir='ltr'>tempore</span> <span class='ocrx_word' id='word_1_15' title='bbox 1000 693 1146 758; x_wconf 87' lang='lat' dir='ltr'>habuerit</span> <span class='ocrx_word' id='word_1_16' title='bbox 1161 701 1251 775; x_wconf 88' lang='lat' dir='ltr'>pater</span> <span class='ocrx_word' id='word_1_17' title='bbox 1266 711 1319 759; x_wconf 89' lang='lat' dir='ltr'>eos</span> 
     </span>
     <span class='ocr_line' id='line_1_4' title="bbox 195 787 1319 906; baseline 0.004 -33"><span class='ocrx_word' id='word_1_18' title='bbox 195 811 228 874; x_wconf 93' lang='lat' dir='ltr'>in</span> <span class='ocrx_word' id='word_1_19' title='bbox 238 818 405 892; x_wconf 83' lang='lat' dir='ltr'>potestate,</span> <span class='ocrx_word' id='word_1_20' title='bbox 421 814 488 877; x_wconf 90' lang='lat' dir='ltr'>sine</span> <span class='ocrx_word' id='word_1_21' title='bbox 503 811 562 877; x_wconf 90' lang='lat' dir='ltr'>soli</span> <span class='ocrx_word' id='word_1_22' title='bbox 578 787 734 891; x_wconf 74' lang='lat' dir='ltr'>sint-siue</span> <span class='ocrx_word' id='word_1_23' title='bbox 750 813 830 906; x_wconf 86' lang='lat' dir='ltr'>alios</span> <span class='ocrx_word' id='word_1_24' title='bbox 842 801 921 878; x_wconf 78' lang='lat' dir='ltr'>iiiios</span> <span class='ocrx_word' id='word_1_25' title='bbox 936 813 967 878; x_wconf 92' lang='lat' dir='ltr'>in</span> <span class='ocrx_word' id='word_1_26' title='bbox 983 819 1138 895; x_wconf 80' lang='lat' dir='ltr'>potestate</span> <span class='ocrx_word' id='word_1_27' title='bbox 1154 813 1319 878; x_wconf 85' lang='lat' dir='ltr'>defunctus</span> 
     </span>
     <span class='ocr_line' id='line_1_5' title="bbox 194 919 1317 1026; baseline 0.004 -34"><span class='ocrx_word' id='word_1_28' title='bbox 194 929 359 996; x_wconf 88' lang='lat' dir='ltr'>habuerit:</span> <span class='ocrx_word' id='word_1_29' title='bbox 384 929 477 996; x_wconf 91' lang='lat' dir='ltr'>simul</span> <span class='ocrx_word' id='word_1_30' title='bbox 492 933 573 1026; x_wconf 89' lang='lat' dir='ltr'>enim</span> <span class='ocrx_word' id='word_1_31' title='bbox 589 919 659 997; x_wconf 90' lang='lat' dir='ltr'>cum</span> <span class='ocrx_word' id='word_1_32' title='bbox 682 931 759 1014; x_wconf 91' lang='lat' dir='ltr'>ipsis</span> <span class='ocrx_word' id='word_1_33' title='bbox 775 940 968 1004; x_wconf 90' lang='lat' dir='ltr'>concurrent.</span> <span class='ocrx_word' id='word_1_34' title='bbox 985 919 1091 1014; x_wconf 87' lang='lat' dir='ltr'>itaque</span> <span class='ocrx_word' id='word_1_35' title='bbox 1106 933 1227 1012; x_wconf 85' lang='lat' dir='ltr'>siquis,</span> <span class='ocrx_word' id='word_1_36' title='bbox 1244 933 1317 997; x_wconf 90' lang='lat' dir='ltr'>duo·</span> 
     </span>
     <span class='ocr_line' id='line_1_6' title="bbox 195 1043 1369 1146; baseline 0.005 -34"><span class='ocrx_word' id='word_1_37' title='bbox 195 1050 254 1146; x_wconf 73' lang='lat' dir='ltr'>irus</span> <span class='ocrx_word' id='word_1_38' title='bbox 272 1048 380 1114; x_wconf 90' lang='lat' dir='ltr'>liberis</span> <span class='ocrx_word' id='word_1_39' title='bbox 399 1053 576 1118; x_wconf 83' lang='lat' dir='ltr'>extantibus</span> <span class='ocrx_word' id='word_1_40' title='bbox 595 1053 694 1119; x_wconf 88' lang='lat' dir='ltr'>altero</span> <span class='ocrx_word' id='word_1_41' title='bbox 713 1053 907 1134; x_wconf 88' lang='lat' dir='ltr'>emancipato</span> <span class='ocrx_word' id='word_1_42' title='bbox 933 1060 965 1118; x_wconf 91' lang='lat' dir='ltr'>et</span> <span class='ocrx_word' id='word_1_43' title='bbox 986 1051 1084 1118; x_wconf 87' lang='lat' dir='ltr'>altero</span> <span class='ocrx_word' id='word_1_44' title='bbox 1106 1051 1139 1116; x_wconf 93' lang='lat' dir='ltr'>in</span> <span class='ocrx_word' id='word_1_45' title='bbox 1163 1057 1319 1134; x_wconf 84' lang='lat' dir='ltr'>potestate</span> <span class='ocrx_word' id='word_1_46' title='bbox 1352 1043 1369 1094; x_wconf 73' lang='lat'>⁵</span> 
     </span>
     <span class='ocr_line' id='line_1_7' title="bbox 195 1171 1319 1255; baseline 0.004 -21"><span class='ocrx_word' id='word_1_47' title='bbox 195 1178 338 1236; x_wconf 89' lang='lat' dir='ltr'>mortuus</span> <span class='ocrx_word' id='word_1_48' title='bbox 350 1171 401 1250; x_wconf 88' lang='lat' dir='ltr'>sit,</span> <span class='ocrx_word' id='word_1_49' title='bbox 414 1176 567 1239; x_wconf 88' lang='lat' dir='ltr'>saneinre</span> <span class='ocrx_word' id='word_1_50' title='bbox 579 1173 662 1240; x_wconf 91' lang='lat' dir='ltr'>ciuili</span> <span class='ocrx_word' id='word_1_51' title='bbox 674 1175 758 1240; x_wconf 87' lang='lat' dir='ltr'>scios</span> <span class='ocrx_word' id='word_1_52' title='bbox 770 1175 866 1255; x_wconf 88' lang='lat' dir='ltr'>quiin</span> <span class='ocrx_word' id='word_1_53' title='bbox 880 1181 1034 1254; x_wconf 89' lang='lat' dir='ltr'>potestate</span> <span class='ocrx_word' id='word_1_54' title='bbox 1047 1173 1149 1248; x_wconf 74' lang='lat' dir='ltr'>inerit,</span> <span class='ocrx_word' id='word_1_55' title='bbox 1161 1193 1229 1239; x_wconf 91' lang='lat' dir='ltr'>cum</span> <span class='ocrx_word' id='word_1_56' title='bbox 1242 1191 1319 1238; x_wconf 90' lang='lat' dir='ltr'>suns</span> 
     </span>
     <span class='ocr_line' id='line_1_8' title="bbox 194 1291 1318 1378; baseline 0 -23"><span class='ocrx_word' id='word_1_57' title='bbox 194 1291 287 1355; x_wconf 89' lang='lat' dir='ltr'>heres</span> <span class='ocrx_word' id='word_1_58' title='bbox 310 1291 366 1372; x_wconf 91' lang='lat' dir='ltr'>sit,</span> <span class='ocrx_word' id='word_1_59' title='bbox 389 1294 569 1368; x_wconf 83' lang='lat' dir='ltr'>uocabitur3</span> <span class='ocrx_word' id='word_1_60' title='bbox 599 1303 647 1360; x_wconf 91' lang='lat' dir='ltr'>set</span> <span class='ocrx_word' id='word_1_61' title='bbox 674 1315 743 1360; x_wconf 92' lang='lat' dir='ltr'>oum</span> <span class='ocrx_word' id='word_1_62' title='bbox 757 1297 970 1378; x_wconf 87' lang='lat' dir='ltr'>emancipatus</span> <span class='ocrx_word' id='word_1_63' title='bbox 986 1292 1135 1360; x_wconf 88' lang='lat' dir='ltr'>beneficio</span> <span class='ocrx_word' id='word_1_64' title='bbox 1163 1291 1318 1373; x_wconf 90' lang='lat' dir='ltr'>praetoris</span> 
     </span>
     <span class='ocr_line' id='line_1_9' title="bbox 194 1411 1318 1496; baseline 0 -21"><span class='ocrx_word' id='word_1_65' title='bbox 194 1411 365 1476; x_wconf 88' lang='lat' dir='ltr'>adiuuetur</span> <span class='ocrx_word' id='word_1_66' title='bbox 387 1419 419 1477; x_wconf 90' lang='lat' dir='ltr'>et</span> <span class='ocrx_word' id='word_1_67' title='bbox 440 1415 472 1476; x_wconf 92' lang='lat' dir='ltr'>io</span> <span class='ocrx_word' id='word_1_68' title='bbox 495 1414 654 1478; x_wconf 90' lang='lat' dir='ltr'>dimidiam</span> <span class='ocrx_word' id='word_1_69' title='bbox 669 1423 789 1496; x_wconf 84' lang='lat' dir='ltr'>partem</span> <span class='ocrx_word' id='word_1_70' title='bbox 805 1415 999 1493; x_wconf 81' lang='lat' dir='ltr'>admittatur,</span> <span class='ocrx_word' id='word_1_71' title='bbox 1016 1414 1139 1478; x_wconf 91' lang='lat' dir='ltr'>eueniet</span> <span class='ocrx_word' id='word_1_72' title='bbox 1155 1411 1211 1476; x_wconf 91' lang='lat' dir='ltr'>hoc</span> <span class='ocrx_word' id='word_1_73' title='bbox 1227 1411 1318 1475; x_wconf 92' lang='lat' dir='ltr'>modo</span> 
     </span>
     <span class='ocr_line' id='line_1_10' title="bbox 142 1525 1316 1614; baseline -0.002 -20"><span class='ocrx_word' id='word_1_74' title='bbox 142 1525 184 1577; x_wconf 89' lang='lat'>10.</span> <span class='ocrx_word' id='word_1_75' title='bbox 196 1538 233 1596; x_wconf 91' lang='lat' dir='ltr'>nt</span> <span class='ocrx_word' id='word_1_76' title='bbox 254 1550 330 1596; x_wconf 91' lang='lat' dir='ltr'>suus</span> <span class='ocrx_word' id='word_1_77' title='bbox 353 1532 444 1596; x_wconf 90' lang='lat' dir='ltr'>heres</span> <span class='ocrx_word' id='word_1_78' title='bbox 464 1529 528 1597; x_wconf 79' lang='lat' dir='ltr'>&#39;non</span> <span class='ocrx_word' id='word_1_79' title='bbox 551 1533 582 1598; x_wconf 92' lang='lat' dir='ltr'>in</span> <span class='ocrx_word' id='word_1_80' title='bbox 605 1534 785 1598; x_wconf 90' lang='lat' dir='ltr'>uniuersum</span> <span class='ocrx_word' id='word_1_81' title='bbox 809 1542 858 1598; x_wconf 90' lang='lat' dir='ltr'>set</span> <span class='ocrx_word' id='word_1_82' title='bbox 879 1535 909 1598; x_wconf 93' lang='lat' dir='ltr'>in</span> <span class='ocrx_word' id='word_1_83' title='bbox 933 1540 1052 1614; x_wconf 87' lang='lat' dir='ltr'>partem</span> <span class='ocrx_word' id='word_1_84' title='bbox 1079 1538 1221 1597; x_wconf 86' lang='lat' dir='ltr'>uocetur.</span> <span class='ocrx_word' id='word_1_85' title='bbox 1268 1529 1316 1592; x_wconf 91' lang='lat'>10.</span> 
     </span>
     <span class='ocr_line' id='line_1_11' title="bbox 195 1651 1369 1746; baseline 0.004 -30"><span class='ocrx_word' id='word_1_86' title='bbox 195 1652 283 1741; x_wconf 81' lang='lat' dir='ltr'>Duos</span> <span class='ocrx_word' id='word_1_87' title='bbox 304 1651 385 1716; x_wconf 89' lang='lat' dir='ltr'>filios</span> <span class='ocrx_word' id='word_1_88' title='bbox 407 1653 501 1718; x_wconf 89' lang='lat' dir='ltr'>habui</span> <span class='ocrx_word' id='word_1_89' title='bbox 524 1653 556 1746; x_wconf 84' lang='lat' dir='ltr'>in</span> <span class='ocrx_word' id='word_1_90' title='bbox 580 1660 734 1736; x_wconf 86' lang='lat' dir='ltr'>potestate</span> <span class='ocrx_word' id='word_1_91' title='bbox 749 1652 887 1719; x_wconf 89' lang='lat' dir='ltr'>Primum</span> <span class='ocrx_word' id='word_1_92' title='bbox 911 1660 943 1720; x_wconf 89' lang='lat' dir='ltr'>et</span> <span class='ocrx_word' id='word_1_93' title='bbox 965 1651 1156 1736; x_wconf 85' lang='lat' dir='ltr'>Secundum:</span> <span class='ocrx_word' id='word_1_94' title='bbox 1179 1652 1317 1716; x_wconf 91' lang='lat' dir='ltr'>Primum</span> <span class='ocrx_word' id='word_1_95' title='bbox 1338 1670 1369 1721; x_wconf 91' lang='lat'>10</span> 
     </span>
     <span class='ocr_line' id='line_1_12' title="bbox 196 1770 1318 1855; baseline -0.002 -19"><span class='ocrx_word' id='word_1_96' title='bbox 196 1771 402 1854; x_wconf 77' lang='lat' dir='ltr'>emancipati,</span> <span class='ocrx_word' id='word_1_97' title='bbox 426 1771 603 1838; x_wconf 83' lang='lat' dir='ltr'>Secundum</span> <span class='ocrx_word' id='word_1_98' title='bbox 625 1775 657 1846; x_wconf 89' lang='lat' dir='ltr'>in</span> <span class='ocrx_word' id='word_1_99' title='bbox 680 1781 836 1855; x_wconf 86' lang='lat' dir='ltr'>potestate</span> <span class='ocrx_word' id='word_1_100' title='bbox 864 1772 988 1839; x_wconf 90' lang='lat' dir='ltr'>retinui.</span> <span class='ocrx_word' id='word_1_101' title='bbox 1032 1771 1155 1836; x_wconf 89' lang='lat' dir='ltr'>Primus</span> <span class='ocrx_word' id='word_1_102' title='bbox 1183 1770 1318 1836; x_wconf 87' lang='lat' dir='ltr'>emanci-</span> 
     </span>
     <span class='ocr_line' id='line_1_13' title="bbox 194 1889 1318 1974; baseline 0.001 -21"><span class='ocrx_word' id='word_1_103' title='bbox 194 1897 288 1972; x_wconf 90' lang='lat' dir='ltr'>patus</span> <span class='ocrx_word' id='word_1_104' title='bbox 311 1893 511 1972; x_wconf 89' lang='lat' dir='ltr'>semetipsum</span> <span class='ocrx_word' id='word_1_105' title='bbox 534 1894 565 1956; x_wconf 95' lang='lat' dir='ltr'>in</span> <span class='ocrx_word' id='word_1_106' title='bbox 589 1893 821 1974; x_wconf 84' lang='lat' dir='ltr'>adrogationem</span> <span class='ocrx_word' id='word_1_107' title='bbox 845 1890 927 1956; x_wconf 90' lang='lat' dir='ltr'>Titio</span> <span class='ocrx_word' id='word_1_108' title='bbox 950 1890 1046 1956; x_wconf 92' lang='lat' dir='ltr'>dedit.</span> <span class='ocrx_word' id='word_1_109' title='bbox 1082 1889 1114 1955; x_wconf 85' lang='lat' dir='ltr'>Si</span> <span class='ocrx_word' id='word_1_110' title='bbox 1137 1891 1262 1956; x_wconf 90' lang='lat' dir='ltr'>eueniat</span> <span class='ocrx_word' id='word_1_111' title='bbox 1282 1898 1318 1955; x_wconf 91' lang='lat' dir='ltr'>ut</span> 
     </span>
     <span class='ocr_line' id='line_1_14' title="bbox 195 2010 1316 2090; baseline -0.001 -15"><span class='ocrx_word' id='word_1_112' title='bbox 195 2029 254 2090; x_wconf 85' lang='lat' dir='ltr'>ego</span> <span class='ocrx_word' id='word_1_113' title='bbox 280 2011 449 2076; x_wconf 89' lang='lat' dir='ltr'>intestatus</span> <span class='ocrx_word' id='word_1_114' title='bbox 480 2013 642 2085; x_wconf 83' lang='lat' dir='ltr'>decedam,</span> <span class='ocrx_word' id='word_1_115' title='bbox 673 2011 834 2076; x_wconf 86' lang='lat' dir='ltr'>Secundus</span> <span class='ocrx_word' id='word_1_116' title='bbox 862 2013 952 2076; x_wconf 80' lang='lat' dir='ltr'>solus·</span> <span class='ocrx_word' id='word_1_117' title='bbox 972 2011 1046 2074; x_wconf 91' lang='lat' dir='ltr'>mihi</span> <span class='ocrx_word' id='word_1_118' title='bbox 1073 2010 1232 2086; x_wconf 88' lang='lat' dir='ltr'>succedet,</span> <span class='ocrx_word' id='word_1_119' title='bbox 1257 2027 1316 2074; x_wconf 92' lang='lat' dir='ltr'>non</span> 
     </span>
     <span class='ocr_line' id='line_1_15' title="bbox 196 2127 1317 2213; baseline -0.002 -19"><span class='ocrx_word' id='word_1_120' title='bbox 196 2149 272 2194; x_wconf 91' lang='lat' dir='ltr'>nero</span> <span class='ocrx_word' id='word_1_121' title='bbox 296 2136 328 2194; x_wconf 91' lang='lat' dir='ltr'>et</span> <span class='ocrx_word' id='word_1_122' title='bbox 344 2131 477 2210; x_wconf 85' lang='lat' dir='ltr'>Primus,</span> <span class='ocrx_word' id='word_1_123' title='bbox 499 2131 552 2213; x_wconf 87' lang='lat' dir='ltr'>qui</span> <span class='ocrx_word' id='word_1_124' title='bbox 575 2129 607 2194; x_wconf 92' lang='lat' dir='ltr'>in</span> <span class='ocrx_word' id='word_1_125' title='bbox 631 2131 780 2212; x_wconf 85' lang='lat' dir='ltr'>adoptiua</span> <span class='ocrx_word' id='word_1_126' title='bbox 802 2129 877 2194; x_wconf 87' lang='lat' dir='ltr'>Titii</span> <span class='ocrx_word' id='word_1_127' title='bbox 900 2129 1017 2194; x_wconf 80' lang='lat' dir='ltr'>familia</span> <span class='ocrx_word' id='word_1_128' title='bbox 1038 2127 1142 2206; x_wconf 82' lang='lat' dir='ltr'>fuerit,</span> <span class='ocrx_word' id='word_1_129' title='bbox 1166 2128 1317 2192; x_wconf 85' lang='lat' dir='ltr'>eiusmodi</span> 
     </span>
     <span class='ocr_line' id='line_1_16' title="bbox 195 2249 1368 2336; baseline 0.001 -20"><span class='ocrx_word' id='word_1_130' title='bbox 195 2251 277 2316; x_wconf 89' lang='lat' dir='ltr'>enim</span> <span class='ocrx_word' id='word_1_131' title='bbox 300 2249 383 2316; x_wconf 85' lang='lat' dir='ltr'>filius</span> <span class='ocrx_word' id='word_1_132' title='bbox 405 2253 446 2316; x_wconf 87' lang='lat' dir='ltr'>ad</span> <span class='ocrx_word' id='word_1_133' title='bbox 460 2252 536 2318; x_wconf 81' lang='lat' dir='ltr'>&#39;mea</span> <span class='ocrx_word' id='word_1_134' title='bbox 559 2273 619 2318; x_wconf 92' lang='lat' dir='ltr'>noo</span> <span class='ocrx_word' id='word_1_135' title='bbox 642 2253 806 2336; x_wconf 91' lang='lat' dir='ltr'>perueniet</span> <span class='ocrx_word' id='word_1_136' title='bbox 828 2255 917 2318; x_wconf 90' lang='lat' dir='ltr'>bona.</span> <span class='ocrx_word' id='word_1_137' title='bbox 942 2253 1017 2318; x_wconf 88' lang='lat' dir='ltr'>haec</span> <span class='ocrx_word' id='word_1_138' title='bbox 1040 2259 1143 2318; x_wconf 88' lang='lat' dir='ltr'>tamen</span> <span class='ocrx_word' id='word_1_139' title='bbox 1166 2253 1211 2316; x_wconf 91' lang='lat' dir='ltr'>ita</span> <span class='ocrx_word' id='word_1_140' title='bbox 1226 2253 1316 2317; x_wconf 94' lang='lat' dir='ltr'>modo</span> <span class='ocrx_word' id='word_1_141' title='bbox 1337 2257 1368 2308; x_wconf 82' lang='lat'>15</span> 
     </span>
     <span class='ocr_line' id='line_1_17' title="bbox 194 2370 1318 2454; baseline 0.001 -20"><span class='ocrx_word' id='word_1_142' title='bbox 194 2372 375 2450; x_wconf 90' lang='lat' dir='ltr'>accipienda</span> <span class='ocrx_word' id='word_1_143' title='bbox 397 2380 485 2452; x_wconf 89' lang='lat' dir='ltr'>sunt,</span> <span class='ocrx_word' id='word_1_144' title='bbox 508 2375 535 2437; x_wconf 94' lang='lat' dir='ltr'>si</span> <span class='ocrx_word' id='word_1_145' title='bbox 558 2376 666 2438; x_wconf 90' lang='lat' dir='ltr'>mortis</span> <span class='ocrx_word' id='word_1_146' title='bbox 697 2393 784 2438; x_wconf 85' lang='lat' dir='ltr'>meae</span> <span class='ocrx_word' id='word_1_147' title='bbox 812 2377 953 2454; x_wconf 85' lang='lat' dir='ltr'>tempore</span> <span class='ocrx_word' id='word_1_148' title='bbox 983 2372 1015 2438; x_wconf 93' lang='lat' dir='ltr'>in</span> <span class='ocrx_word' id='word_1_149' title='bbox 1044 2371 1194 2452; x_wconf 87' lang='lat' dir='ltr'>adoptiua</span> <span class='ocrx_word' id='word_1_150' title='bbox 1223 2370 1318 2436; x_wconf 84' lang='lat' dir='ltr'>fuerit</span> 
     </span>
     <span class='ocr_line' id='line_1_18' title="bbox 194 2491 1317 2573; baseline 0.003 -20"><span class='ocrx_word' id='word_1_151' title='bbox 194 2491 328 2570; x_wconf 83' lang='lat' dir='ltr'>familia3</span> <span class='ocrx_word' id='word_1_152' title='bbox 356 2493 476 2556; x_wconf 89' lang='lat' dir='ltr'>namsi</span> <span class='ocrx_word' id='word_1_153' title='bbox 500 2511 549 2558; x_wconf 90' lang='lat' dir='ltr'>me</span> <span class='ocrx_word' id='word_1_154' title='bbox 577 2494 651 2557; x_wconf 91' lang='lat' dir='ltr'>uiuo</span> <span class='ocrx_word' id='word_1_155' title='bbox 673 2492 773 2558; x_wconf 89' lang='lat' dir='ltr'>Titius</span> <span class='ocrx_word' id='word_1_156' title='bbox 800 2513 869 2558; x_wconf 90' lang='lat' dir='ltr'>eum</span> <span class='ocrx_word' id='word_1_157' title='bbox 900 2493 1158 2573; x_wconf 87' lang='lat' dir='ltr'>emancipanerit,</span> <span class='ocrx_word' id='word_1_158' title='bbox 1189 2491 1317 2572; x_wconf 87' lang='lat' dir='ltr'>perinde</span> 
     </span>
     <span class='ocr_line' id='line_1_19' title="bbox 195 2611 1316 2694; baseline 0 -20"><span class='ocrx_word' id='word_1_159' title='bbox 195 2611 276 2675; x_wconf 91' lang='lat' dir='ltr'>bona</span> <span class='ocrx_word' id='word_1_160' title='bbox 299 2629 369 2674; x_wconf 87' lang='lat' dir='ltr'>mea</span> <span class='ocrx_word' id='word_1_161' title='bbox 390 2612 542 2676; x_wconf 85' lang='lat' dir='ltr'>naturalis</span> <span class='ocrx_word' id='word_1_162' title='bbox 565 2613 632 2678; x_wconf 91' lang='lat' dir='ltr'>eius</span> <span class='ocrx_word' id='word_1_163' title='bbox 655 2613 753 2694; x_wconf 86' lang='lat' dir='ltr'>patris</span> <span class='ocrx_word' id='word_1_164' title='bbox 776 2613 975 2693; x_wconf 86' lang='lat' dir='ltr'>adipiscetur,</span> <span class='ocrx_word' id='word_1_165' title='bbox 999 2619 1093 2691; x_wconf 85' lang='lat' dir='ltr'>atque</span> <span class='ocrx_word' id='word_1_166' title='bbox 1115 2611 1143 2674; x_wconf 92' lang='lat' dir='ltr'>si</span> <span class='ocrx_word' id='word_1_167' title='bbox 1166 2629 1223 2690; x_wconf 83' lang='lat' dir='ltr'>ego</span> <span class='ocrx_word' id='word_1_168' title='bbox 1246 2628 1316 2675; x_wconf 91' lang='lat' dir='ltr'>enm</span> 
     </span>
    </p>
   </div>
   <div class='ocr_carea' id='block_1_3' title="bbox 193 2730 1367 3416">
    <p class='ocr_par' dir='ltr' id='par_1_3' title="bbox 193 2730 1367 3416">
     <span class='ocr_line' id='line_1_20' title="bbox 195 2730 1315 2826; baseline -0.002 -30"><span class='ocrx_word' id='word_1_169' title='bbox 195 2732 439 2812; x_wconf 89' lang='lat' dir='ltr'>emancipassem</span> <span class='ocrx_word' id='word_1_170' title='bbox 484 2751 540 2798; x_wconf 89' lang='lat' dir='ltr'>nec</span> <span class='ocrx_word' id='word_1_171' title='bbox 584 2750 719 2826; x_wconf 90' lang='lat' dir='ltr'>unquam</span> <span class='ocrx_word' id='word_1_172' title='bbox 764 2735 794 2797; x_wconf 88' lang='lat' dir='ltr'>in</span> <span class='ocrx_word' id='word_1_173' title='bbox 839 2733 990 2814; x_wconf 81' lang='lat' dir='ltr'>adoption</span> <span class='ocrx_word' id='word_1_174' title='bbox 1034 2731 1146 2796; x_wconf 88' lang='lat' dir='ltr'>inisset</span> <span class='ocrx_word' id='word_1_175' title='bbox 1190 2730 1315 2794; x_wconf 81' lang='lat' dir='ltr'>familia.</span> 
     </span>
     <span class='ocr_line' id='line_1_21' title="bbox 194 2851 1367 2935; baseline -0.004 -19"><span class='ocrx_word' id='word_1_176' title='bbox 194 2857 226 2916; x_wconf 89' lang='lat' dir='ltr'>et</span> <span class='ocrx_word' id='word_1_177' title='bbox 270 2854 492 2918; x_wconf 90' lang='lat' dir='ltr'>conuenienter</span> <span class='ocrx_word' id='word_1_178' title='bbox 535 2855 649 2918; x_wconf 91' lang='lat' dir='ltr'>dicitur</span> <span class='ocrx_word' id='word_1_179' title='bbox 690 2853 772 2935; x_wconf 92' lang='lat' dir='ltr'>quod</span> <span class='ocrx_word' id='word_1_180' title='bbox 815 2853 856 2917; x_wconf 86' lang='lat' dir='ltr'>ad</span> <span class='ocrx_word' id='word_1_181' title='bbox 904 2873 973 2917; x_wconf 92' lang='lat' dir='ltr'>enm</span> <span class='ocrx_word' id='word_1_182' title='bbox 1019 2854 1072 2932; x_wconf 89' lang='lat' dir='ltr'>qui</span> <span class='ocrx_word' id='word_1_183' title='bbox 1117 2851 1184 2916; x_wconf 89' lang='lat' dir='ltr'>eius</span> <span class='ocrx_word' id='word_1_184' title='bbox 1226 2859 1316 2934; x_wconf 89' lang='lat' dir='ltr'>pater</span> <span class='ocrx_word' id='word_1_185' title='bbox 1333 2860 1367 2911; x_wconf 82' lang='lat'>20</span> 
     </span>
     <span class='ocr_line' id='line_1_22' title="bbox 194 2971 1315 3056; baseline -0.001 -19"><span class='ocrx_word' id='word_1_186' title='bbox 194 2971 362 3054; x_wconf 88' lang='lat' dir='ltr'>adoptiuus</span> <span class='ocrx_word' id='word_1_187' title='bbox 396 2974 506 3055; x_wconf 91' lang='lat' dir='ltr'>fuerit,</span> <span class='ocrx_word' id='word_1_188' title='bbox 534 2982 700 3040; x_wconf 86' lang='lat' dir='ltr'>extraneus</span> <span class='ocrx_word' id='word_1_189' title='bbox 732 2977 798 3056; x_wconf 91' lang='lat' dir='ltr'>ipse</span> <span class='ocrx_word' id='word_1_190' title='bbox 832 2993 1023 3055; x_wconf 89' lang='lat' dir='ltr'>permanere.</span> <span class='ocrx_word' id='word_1_191' title='bbox 1076 2972 1108 3036; x_wconf 87' lang='lat' dir='ltr'>Si</span> <span class='ocrx_word' id='word_1_192' title='bbox 1136 2991 1211 3037; x_wconf 88' lang='lat' dir='ltr'>nero</span> <span class='ocrx_word' id='word_1_193' title='bbox 1245 2978 1315 3052; x_wconf 92' lang='lat' dir='ltr'>post</span> 
     </span>
     <span class='ocr_line' id='line_1_23' title="bbox 193 3093 1316 3182; baseline 0.002 -26"><span class='ocrx_word' id='word_1_194' title='bbox 193 3099 327 3158; x_wconf 89' lang='lat' dir='ltr'>mortem</span> <span class='ocrx_word' id='word_1_195' title='bbox 350 3113 450 3160; x_wconf 92' lang='lat' dir='ltr'>meam</span> <span class='ocrx_word' id='word_1_196' title='bbox 474 3115 543 3160; x_wconf 89' lang='lat' dir='ltr'>enm</span> <span class='ocrx_word' id='word_1_197' title='bbox 566 3096 675 3182; x_wconf 88' lang='lat' dir='ltr'>Titius</span> <span class='ocrx_word' id='word_1_198' title='bbox 694 3095 952 3176; x_wconf 87' lang='lat' dir='ltr'>emancipauerit,</span> <span class='ocrx_word' id='word_1_199' title='bbox 982 3096 1075 3160; x_wconf 89' lang='lat' dir='ltr'>etiam</span> <span class='ocrx_word' id='word_1_200' title='bbox 1103 3099 1253 3180; x_wconf 89' lang='lat' dir='ltr'>qnantum</span> <span class='ocrx_word' id='word_1_201' title='bbox 1276 3093 1316 3158; x_wconf 89' lang='lat' dir='ltr'>ad</span> 
     </span>
     <span class='ocr_line' id='line_1_24' title="bbox 193 3211 1316 3297; baseline 0.002 -21"><span class='ocrx_word' id='word_1_202' title='bbox 193 3211 276 3276; x_wconf 91' lang='lat' dir='ltr'>hunc</span> <span class='ocrx_word' id='word_1_203' title='bbox 299 3213 439 3286; x_wconf 79' lang='lat' dir='ltr'>extranei</span> <span class='ocrx_word' id='word_1_204' title='bbox 461 3213 528 3279; x_wconf 93' lang='lat' dir='ltr'>loco</span> <span class='ocrx_word' id='word_1_205' title='bbox 552 3213 613 3280; x_wconf 86' lang='lat' dir='ltr'>det.</span> <span class='ocrx_word' id='word_1_206' title='bbox 658 3213 740 3297; x_wconf 89' lang='lat' dir='ltr'>quod</span> <span class='ocrx_word' id='word_1_207' title='bbox 763 3215 832 3280; x_wconf 89' lang='lat' dir='ltr'>ideo</span> <span class='ocrx_word' id='word_1_208' title='bbox 860 3216 905 3280; x_wconf 92' lang='lat' dir='ltr'>sic</span> <span class='ocrx_word' id='word_1_209' title='bbox 933 3215 1050 3294; x_wconf 81' lang='lat' dir='ltr'>placuit</span> <span class='ocrx_word' id='word_1_210' title='bbox 1076 3215 1149 3296; x_wconf 85' lang='lat' dir='ltr'>quia</span> <span class='ocrx_word' id='word_1_211' title='bbox 1176 3213 1316 3294; x_wconf 89' lang='lat' dir='ltr'>iniquum</span> 
     </span>
     <span class='ocr_line' id='line_1_25' title="bbox 194 3331 1316 3416; baseline 0.003 -23"><span class='ocrx_word' id='word_1_212' title='bbox 194 3333 298 3396; x_wconf 91' lang='lat' dir='ltr'>uisum</span> <span class='ocrx_word' id='word_1_213' title='bbox 321 3337 369 3397; x_wconf 90' lang='lat' dir='ltr'>est</span> <span class='ocrx_word' id='word_1_214' title='bbox 390 3331 423 3397; x_wconf 93' lang='lat' dir='ltr'>in</span> <span class='ocrx_word' id='word_1_215' title='bbox 445 3339 600 3414; x_wconf 87' lang='lat' dir='ltr'>potestate</span> <span class='ocrx_word' id='word_1_216' title='bbox 622 3353 691 3400; x_wconf 90' lang='lat' dir='ltr'>esse</span> <span class='ocrx_word' id='word_1_217' title='bbox 713 3333 813 3416; x_wconf 88' lang='lat' dir='ltr'>patris</span> <span class='ocrx_word' id='word_1_218' title='bbox 835 3334 973 3416; x_wconf 87' lang='lat' dir='ltr'>adoptiui</span> <span class='ocrx_word' id='word_1_219' title='bbox 1001 3334 1041 3399; x_wconf 86' lang='lat' dir='ltr'>ad</span> <span class='ocrx_word' id='word_1_220' title='bbox 1064 3350 1142 3412; x_wconf 90' lang='lat' dir='ltr'>quos</span> <span class='ocrx_word' id='word_1_221' title='bbox 1165 3333 1316 3398; x_wconf 90' lang='lat' dir='ltr'>naturalis</span> 
     </span>
    </p>
   </div>
   <div class='ocr_carea' id='block_1_4' title="bbox 0 0 1690 5350">
    <p class='ocr_par' dir='ltr' id='par_1_4' title="bbox 0 0 1690 5350">
     <span class='ocr_line' id='line_1_26' title="bbox 0 0 1690 5350; baseline 0 0"><span class='ocrx_word' id='word_1_222' title='bbox 0 0 1690 5350; x_wconf 95' lang='lat' dir='ltr'> </span> 
     </span>
    </p>
   </div>
  </div>
 </body>
</html>
