3298 5322
557 398 708 461 -397
759 431 797 440 —

130 573 159 636 iu
175 573 237 636 eius
260 571 471 657 patrimonio]‚
500 572 616 637 actioni
639 573 671 636 ui
695 573 847 636 bonorum
875 581 1035 654 raptorum
1063 571 1151 635 locus
1173 572 1235 635 fiet.

130 699 201 761 haec
221 705 323 761 autem
344 704 425 778 sunt,
450 717 581 778 quorum
597 717 654 762 nos
671 697 796 777 quidem
813 695 930 760 domiui
945 716 1008 760 non
1020 717 1136 776 sumus,
1154 715 1235 776 quae

129 823 281 886 tamenin
305 823 492 906 patrimonio
516 829 623 886 nostro
647 821 856 887 continentur:
881 827 915 886 ut
931 841 1006 885 ecce
1021 821 1178 886 homiuem
1194 821 1235 884 ab

128 948 230 1027 aliquo
254 949 402 1012 utendum
426 947 545 1030 accepi,
570 953 623 1010 aut
646 947 790 1011 mercede
814 946 958 1027 conduxi,
982 953 1036 1011 aut
1060 947 1173 1029 pignus
1197 965 1237 1010 ex

128 1073 221 1136 mutui
245 1092 342 1136 causa
366 1073 492 1155 accepi,
522 1079 650 1136 autres
679 1072 762 1155 apud
789 1092 839 1136 me
867 1071 1013 1154 deposita
1041 1078 1103 1152 est,
1132 1072 1237 1135 itaut
1274 1086 1289 1136 5

127 1217 193 1261 mea
222 1197 357 1278 intersit,
384 1198 465 1262 banc
495 1219 561 1262 rem
589 1198 664 1261 mibi
698 1217 761 1262 non
796 1197 899 1280 abripi
931 1197 1025 1278 idque
1060 1196 1176 1261 accidit
1210 1195 1237 1259 si

127 1323 300 1404 depositum
329 1322 487 1406 accipiens
515 1331 626 1406 pactus
650 1323 709 1388 sim
732 1343 781 1387 me
805 1323 929 1406 culpam
954 1341 1077 1403 qnoque
1105 1322 1237 1404 praesti·

126 1455 232 1510 turum.
274 1453 369 1530 pacta
392 1448 474 1512 euim
499 1455 712 1512 contractuum
736 1453 879 1512 naturam
902 1454 1023 1512 mutare
1052 1447 1168 1511 solent:
1199 1467 1237 1512 ex

127 1572 300 1636 huiusmodi
328 1573 410 1636 euim
439 1573 646 1652 conuentione
676 1573 811 1655 depositi
844 1572 967 1637 actione
1000 1591 1063 1635 non
1096 1591 1134 1635 ex
1165 1570 1237 1636 dolo

126 1705 251 1777 tautum,
276 1705 323 1760 set
347 1717 386 1761 ex
410 1699 503 1780 culpa
527 1717 651 1778 quoque
674 1699 814 1762 tenebor.
860 1698 908 1762 siu
933 1705 1036 1760 autom
1065 1699 1149 1760 bona
1176 1697 1237 1760 fide
1259 1707 1291 1758 10

126 1841 187 1886 rem
210 1822 407 1904 possideam
437 1823 488 1886 uel
515 1823 738 1886 usumfructum
763 1823 794 1885 iu
817 1843 850 1886 re
875 1822 980 1885 alicua
1008 1823 1156 1902 habeam,
1186 1823 1238 1886 uei

127 1947 206 2026 quod
232 1946 318 2010 aliud
343 1947 400 2026 ius⁷
427 1953 460 2010 ut
475 1947 597 2011 intersit
612 1968 683 2011 mea
705 1968 774 2011 cam
791 1968 854 2010 uon
870 1947 981 2030 abripi,
1005 1952 1089 2011 recte
1107 1947 1238 2011 dicimus

126 2071 156 2134 in
179 2072 321 2135 omnibus
338 2073 423 2136 hisce
440 2073 565 2136 casibus
582 2074 612 2136 ei
629 2073 681 2152 qui
697 2073 839 2156 rapinam
852 2093 965 2154 passus
979 2080 1026 2136 est
1041 2073 1073 2136 ui
1087 2074 1238 2136 bonorum

128 2203 285 2278 raptorum
296 2197 451 2262 actionem
464 2205 651 2280 competere.
676 2196 800 2262 ethaeo
817 2218 898 2279 quae
915 2199 1000 2262 dicta
1016 2206 1087 2262 sunt
1098 2199 1239 2280 optinent

126 2321 218 2394 etiam
244 2322 271 2384 si
295 2342 356 2386 non
380 2323 411 2384 in
436 2323 525 2386 bouis
550 2323 625 2400 cius,
650 2331 697 2386 set
721 2344 760 2386 ex
784 2323 875 2386 bouis
898 2330 1018 2386 tautum
1041 2343 1092 2386 res
1117 2324 1164 2386 sit.
1208 2330 1292 2388 at15

128 2468 181 2529 per
213 2447 246 2509 ui
274 2453 434 2529 raptorum
468 2449 619 2522 bonorum
655 2448 808 2512 actionem
836 2469 899 2512 uou
928 2448 1097 2511 dominium
1131 2466 1239 2510 conse·
1298 2520 1302 2528 ,

129 2581 246 2652 oretur,
271 2572 353 2652 quod
377 2573 409 2636 in
432 2593 465 2636 rc
482 2593 545 2636 uou
561 2574 679 2651 babuit,
705 2582 752 2637 set
768 2573 844 2636 illud
860 2581 988 2653 tantum,
1013 2573 1095 2652 quod
1113 2593 1152 2635 ex
1173 2571 1239 2635 eius

129 2697 303 2760 substantia
326 2718 439 2760 reuera
463 2697 503 2760 sit
519 2699 669 2778 ablatum⁷
695 2698 776 2782 idest
791 2699 849 2778 ius,
876 2698 958 2776 quod
975 2698 1006 2760 in
1023 2718 1056 2760 re
1078 2697 1106 2760 ei
1122 2697 1238 2760 furerat:

129 2827 159 2885 ut
187 2842 261 2886 ecce
291 2823 317 2884 si
345 2823 569 2885 usumfructum
593 2823 643 2886 uel
668 2845 756 2886 usum
780 2824 811 2886 in
835 2844 868 2886 re
894 2823 1001 2884 ablata
1025 2822 1186 2885 habuisset
1210 2828 1240 2884 et

129 2947 171 3009 cis
205 2968 262 3029 per
294 2947 439 3028 rapinam
468 2947 508 3010 sit
536 2947 716 3026 destitutus,
745 2948 777 3010 in
810 2948 935 3010 eosdem
968 2947 1156 3010 restituetur.
1210 2954 1240 3010 et
1260 2960 1294 3008 20

129 3071 318 3152 garreraliter
342 3071 507 3134 dicendum
532 3081 579 3134 est
603 3092 642 3134 ex
667 3071 779 3152 quibus
796 3072 899 3135 causis
915 3071 990 3134 furti
1010 3091 1067 3134 noc
1083 3069 1239 3134 manifesti

128 3196 209 3258 actio
228 3197 387 3278 competit,
404 3217 443 3259 ex
460 3197 558 3260 isdem
576 3217 682 3260 omues
699 3197 731 3259 ui
746 3197 898 3260 bonorum
911 3203 1071 3278 raptorum
1085 3195 1239 3282 actionem

129 3320 253 3384 habere.
