3328 5318
583 369 824 430 -441-

147 543 270 608 actione
286 542 355 622 quis
372 548 518 624 expertus
535 542 588 624 sit;
612 541 701 606 uerbi
718 542 830 624 gratia,
851 562 921 606 cum
937 542 1064 622 quidam
1081 563 1125 606 ex
1141 550 1259 607 testa-

96 674 268 732 36.mento
292 686 388 749 agere
412 667 550 748 deberet,
576 667 640 749 egit
656 687 699 731 eu
723 667 921 750 stipulatu,
945 668 997 731 uel
1021 667 1116 732 etiam
1141 674 1257 732 contra.

146 795 197 858 36.
210 792 267 855 Est·
282 791 347 855 alia
362 809 486 871 quoque
503 791 659 855 actionum
682 791 805 855 diuisio.
839 792 994 872 quaedam
1019 791 1101 856 enim
1119 793 1258 857 actiones

146 923 228 991 sunt,
252 916 363 996 quibus
379 936 442 980 non
458 916 592 979 solidum
608 916 691 996 quod
709 917 799 980 uobis
816 915 947 980 debetur
962 917 1189 999 persequimur,
1213 925 1260 980 set

145 1040 238 1104 modo
255 1040 398 1122 solidum,
423 1040 515 1104 modo
531 1041 649 1122 minus3
674 1041 771 1104 ueluti
794 1041 822 1104 si
844 1047 947 1104 tecum
966 1041 1005 1105 de
1020 1041 1145 1124 peculio
1166 1063 1260 1124 agam
1297 1054 1312 1103 5

144 1164 201 1228 lilii
225 1164 349 1228 semiue
372 1164 418 1227 tui
441 1167 474 1227 X·
492 1185 606 1229 aureos
629 1171 748 1248 petens.
789 1187 862 1228 uam
886 1166 913 1229 si
935 1166 1076 1248 locuples
1100 1167 1257 1248 peculium

145 1295 207 1368 est,
232 1289 263 1350 X
287 1309 400 1353 aureos
435 1289 606 1372 accipiam3
643 1290 669 1353 si
703 1309 779 1354 uero
814 1309 865 1353 res
899 1289 1075 1372 peculiares
1101 1291 1127 1352 V
1156 1291 1259 1355 aureis

145 1413 309 1476 dumtaxat
339 1389 454 1494 dignae
484 1421 571 1495 sunt,
601 1414 633 1477 iu
656 1415 683 1476 V
710 1415 921 1478 tantummodo
951 1421 1043 1497 pater
1076 1415 1259 1478 dominusne

145 1537 411 1601 condemnabitur.
473 1539 732 1618 quemadmodum
773 1547 880 1605 autern
919 1539 1075 1622 peculium
1118 1540 1259 1621 intellegi

95 1671 132 1721 37.
145 1663 262 1725 debeat
288 1662 418 1726 inferius
447 1663 594 1726 monendi
625 1684 739 1727 sumus.
789 1667 839 1730 37.
867 1664 924 1728 Est
950 1669 1076 1746 praeter
1104 1665 1259 1728 actionem
1280 1671 1314 1724 10

145 1787 185 1848 dc
208 1787 331 1868 peculio
356 1787 420 1850 alia
444 1806 582 1868 quoque,
611 1808 692 1868 quae
716 1808 779 1852 non
805 1809 929 1871 semper
952 1789 1048 1852 habet
1071 1789 1103 1852 in
1126 1789 1260 1852 solidum

144 1910 446 1976 condemnationem.
492 1933 565 1976 nam
588 1913 616 1976 si
639 1913 744 1976 dotem
767 1933 787 1976 a
809 1932 881 1976 mea
903 1933 1002 1976 uxore
1025 1914 1204 1996 acceperim
1230 1921 1261 1978 et

144 2035 274 2116 nuptiae
297 2035 504 2117 constiterint,
535 2036 648 2100 deiude
673 2037 794 2101 solutae
817 2037 949 2118 fuerint,
979 2038 1050 2120 ipsa
1076 2057 1197 2103 mecum
1221 2059 1260 2103 ex

145 2159 297 2242 stipulatu
320 2179 418 2242 agens
435 2161 476 2224 ad
492 2161 595 2225 dotem
619 2163 878 2244 persequendam
902 2183 965 2226 uon
980 2183 1111 2246 prorsus
1128 2164 1260 2228 solidum

145 2290 370 2366 consequetur,
394 2292 442 2348 set
465 2293 618 2366 quatenus
641 2287 808 2351 facultates
831 2307 921 2352 meae
944 2289 1113 2370 patiuntur.
1154 2289 1261 2368 itaque
1281 2300 1314 2352 15

145 2408 173 2472 si
212 2408 279 2472 doti
317 2409 482 2488 quantitati
519 2411 672 2474 bonorum
710 2432 847 2476 meorum
887 2412 1046 2492 quantitas
1089 2419 1261 2494 concurrat,

146 2533 281 2597 solidum
304 2535 415 2598 mulier
438 2541 657 2617 consequetu13
682 2536 731 2600 sin
754 2541 867 2617 autem,
892 2556 961 2600 cum
978 2537 1035 2600 dos
1053 2536 1077 2600 O
1094 2556 1259 2600 aureorum

146 2658 196 2740 sit,
221 2678 311 2723 meae
334 2659 500 2724 facultates
517 2661 543 2723 L
559 2667 679 2724 tantum
703 2680 815 2724 aureos
839 2661 985 2741 efficiant,
1010 2661 1043 2724 in
1068 2661 1094 2724 L
1118 2661 1261 2725 condem-

144 2783 261 2864 nabat,
290 2803 360 2846 cum
388 2790 517 2847 eatenus
540 2789 659 2848 tantum
683 2783 833 2848 soluendo
857 2785 923 2847 sim.
970 2785 1128 2848 interdum
1156 2790 1260 2848 autem

145 2907 221 2970 licet
254 2907 378 2972 soluere
410 2908 541 2990 possim,
576 2927 638 2972 non
673 2908 850 2973 omnimodo
885 2928 964 2972 uxor
997 2929 1069 2973 mea
1106 2910 1260 2990 integram
1280 2919 1314 2970 20

145 3031 279 3113 recipiet
302 3031 405 3096 dotem
428 3039 555 3115 propter
578 3032 755 3116 oppositam
778 3033 809 3096 ei
830 3033 1045 3114 retentionem,
1073 3053 1153 3114 quae
1178 3032 1260 3095 dotis

145 3155 365 3238 repetitionem
388 3157 506 3220 minuit.
544 3176 617 3219 nam
640 3157 667 3220 si
682 3156 758 3219 mihi
780 3177 830 3220 res
847 3157 879 3219 iu
895 3156 1000 3220 dotem
1017 3157 1111 3220 datae
1135 3155 1259 3234 fuerint,

146 3299 230 3360 quae
245 3280 278 3342 M
292 3281 397 3344 aureis
421 3281 483 3344 sint
506 3281 631 3364 dignae,
655 3281 860 3362 impenderim
884 3288 987 3345 autem
1011 3281 1043 3344 in
1067 3301 1122 3345 eas
1147 3300 1259 3345 aureos

147 3404 183 3485 C,
202 3403 309 3482 ,soluto
333 3405 544 3485 matrimonio,
573 3405 600 3468 si
622 3405 653 3468 M
677 3424 841 3468 aureomm
865 3426 985 3468 summa
1009 3426 1028 3469 a
1051 3426 1100 3469 me
1124 3411 1258 3488 petatur,

147 3527 273 3592 obicere
296 3547 424 3610 possum
447 3548 496 3592 me
514 3528 538 3591 O
553 3548 666 3593 aureos
690 3529 722 3592 in
736 3529 850 3593 fundos
874 3529 1010 3593 aedesue
1034 3530 1159 3594 nomine
1177 3530 1258 3593 dotis
1279 3539 1312 3591 25

146 3653 224 3716 mihi
247 3652 338 3717 datos
361 3653 560 3736 impendisse.
595 3659 625 3716 et
649 3653 722 3734 quia
744 3654 814 3736 ipso
838 3653 904 3717 iure
920 3653 1075 3718 eiusmodi
1098 3654 1260 3737 impensae
