3164 5338
501 441 541 450 --
590 407 653 470 373
700 399 768 450 -·

74 581 219 645 :actionem
236 599 276 644 ex
292 587 455 645 oontraotu
470 581 569 662 nasei,
594 581 670 661 quid
688 581 771 646 enim
790 581 921 646 interae
938 582 1182 646 oontraxerunt?

79 711 119 768 set
129 704 198 785 quia
210 724 272 769 non
285 724 324 768 ex
339 705 494 770 maleiioio
508 705 659 770 alteruter
681 711 814 786 tenetur,
840 705 931 786 quasi
955 723 995 769 ex
1018 711 1181 770 eontraotu

45 849 69 898 o.
79 828 164 893 teneri
180 828 313 894 uidetur.
345 834 374 895 4.
390 829 478 894 Idem
496 835 543 894 est
556 837 587 894 et
603 829 630 894 si
646 850 716 894 oum
733 830 861 910 quidam
878 835 983 894 essent
999 829 1181 912 coheredes

77 953 146 1017 alter
172 953 205 1017 in
235 954 368 1018 alterum
398 955 538 1019 familiae
567 955 772 1019 eroisoundae
801 953 916 1019 iudioio
945 960 1035 1036 agat,
1065 973 1105 1017 ex
1132 954 1180 1018 his

77 1078 183 1143 soilioet
199 1079 314 1160 oausis,
332 1099 414 1160 quae
431 1080 470 1145 de
486 1078 601 1144 iudioio
618 1080 774 1144 communi
791 1078 963 1143 diuidundo
980 1078 1084 1144 diotae
1101 1085 1181 1144 sunt
1219 1097 1235 1149 5

43 1221 66 1270 t.
75 1207 99 1268 5.
120 1203 150 1266 Si
174 1205 245 1284 quis
268 1204 405 1269 moriens
428 1224 479 1268 me
502 1204 651 1270 heredem
678 1204 861 1286 instituerit,
890 1204 1048 1287 legauerit
1075 1211 1180 1268 autem

75 1349 91 1391 a
116 1348 162 1392 me
190 1348 258 1393 rem
286 1329 437 1410 alienam,
472 1336 584 1394 teneor
611 1334 737 1410 egomet
764 1328 920 1410 legatario
951 1334 1081 1413 propter
1114 1347 1181 1392 rem

74 1451 201 1534 legatam
225 1473 269 1518 ex
292 1459 529 1518 testamento.
566 1453 648 1518 aotio
665 1460 772 1518 autem
796 1473 839 1517 ex
862 1458 1093 1517 testamento
1117 1471 1181 1517 non

74 1597 106 1639 ex
121 1583 281 1642 oontraotu
304 1579 457 1660 naseitur3
482 1599 555 1643 uam
572 1597 642 1642 oum
666 1597 728 1660 quo
746 1577 939 1642 contraxisse
956 1577 1080 1640 uidetur
1095 1577 1181 1659 lega·

72 1701 185 1766 tarius?
209 1722 271 1766 non
295 1723 372 1766 sane
396 1723 466 1768 oum
489 1707 652 1782 testatore,
678 1703 826 1784 quoniam
843 1701 1009 1784 ignorante
1025 1701 1180 1783 legatario
1202 1719 1236 1770 10

73 1825 99 1887 id
120 1832 250 1891 testator
274 1827 304 1890 ei
326 1827 490 1909 relinquit;
519 1847 622 1908 neque
651 1847 721 1892 oum
749 1826 880 1908 herede,
910 1846 980 1890 oum
1008 1825 1113 1910 potius
1143 1845 1180 1890 eo

71 1949 159 2016 inuito
175 1951 209 2015 id
224 1952 428 2032 relinquatur.
456 1957 504 2016 set
520 1951 673 2032 quianon
690 1958 738 2016 est
752 1951 941 2047 maleficium
958 1951 1042 2032 quod
1058 1957 1181 2033 gestum

39 2088 62 2138 o.
72 2080 122 2156 est,
146 2076 238 2156 quasi
262 2095 301 2140 ex
325 2082 486 2141 oontraotu
502 2077 638 2158 obligari
654 2075 797 2140 dominus
813 2076 1014 2158 intellegitur.
1057 2079 1086 2142 6.
1102 2077 1181 2139 Item

71 2199 183 2280 siquis
206 2220 265 2283 per
288 2220 426 2265 errorem
450 2201 534 2282 quod
561 2201 638 2264 mihi
660 2219 724 2264 non
751 2200 919 2264 deberetur
942 2200 1017 2264 mihi
1041 2199 1180 2281 soluerit,

70 2324 154 2403 quasi
177 2344 218 2388 ex
242 2331 403 2389 oontraotu
425 2325 526 2389 teneri
549 2325 667 2389 uideor.
706 2325 786 2389 adeo
807 2323 889 2389 enim
904 2343 968 2389 non
991 2324 1118 2407 proprie
1143 2343 1181 2388 ex
1202 2339 1235 2391 15

69 2453 226 2512 oontraotu
249 2455 372 2530 teneor,
400 2455 434 2512 ut
462 2449 489 2513 si
513 2449 583 2530 quis
612 2449 807 2532 suptiliorem
836 2455 988 2530 sequatur
1014 2449 1179 2530 rationem,

69 2573 175 2654 magio,
200 2574 246 2637 uti
270 2574 415 2658 superius
438 2573 584 2656 diximus,
609 2594 649 2638 ex
665 2574 869 2638 dissolutione
887 2573 954 2638 eius
972 2572 1056 2653 quod
1073 2573 1182 2638 deberi

68 2702 206 2780 putatur,
235 2719 330 2780 quam
354 2718 395 2762 ex
418 2699 517 2764 debiti
544 2699 766 2764 constitutione
795 2697 931 2780 obligari
954 2697 1078 2779 videam
1107 2719 1180 2762 uam

68 2821 117 2900 qui
133 2841 172 2886 eo
190 2823 293 2886 animo
310 2823 374 2904 dat,
399 2830 433 2887 ut
450 2823 588 2888 debitum
606 2824 717 2905 soluat,
733 2823 805 2887 ideo
822 2822 878 2886 dat
892 2828 926 2887 ut
943 2822 1179 2905 obligationem,

68 2963 159 3023 quam
183 2947 318 3012 existere
334 2953 434 3030 putat,
459 2947 615 3012 solutione
638 2948 741 3030 magis
758 2947 921 3028 dirmahat,
946 2967 1040 3029 quam
1057 2952 1180 3011 eontra·
1200 2959 1235 3011 20

66 3068 125 3133 hat.
173 3077 221 3136 set
242 3078 349 3136 tamen
371 3071 504 3155 proinde
532 3073 559 3137 is
588 3072 642 3154 qui
670 3073 793 3156 aooepit
821 3072 1018 3137 oondiotione
1046 3077 1179 3153 tenetur,

34 3199 158 3274 ‘datque
183 3195 236 3260 ille
260 3197 311 3260 oui
333 3204 475 3261 mutuum
499 3197 606 3261 datum
630 3203 687 3262 est.
724 3201 751 3263 7.
775 3197 847 3261 Non
862 3197 895 3260 in
911 3196 1056 3261 omnibus
1076 3195 1181 3260 oausis
