3328 5318
588 389 827 453 -432—

94 569 138 623 28.
150 561 307 643 exegerit,
330 561 423 628 siouti
446 568 477 628 et
499 563 531 628 in
555 564 677 628 aetione
705 565 780 628 furti
809 564 975 629 manifesti.
1021 568 1072 632 28.
1096 565 1260 630 Aetionum

150 691 256 749 autem
274 687 427 766 quaedam
442 688 561 752 bonae
584 689 771 770 fideisunt,
797 689 952 768 quaedam
965 689 1129 754 strictae.
1159 691 1260 755 bonae

149 809 224 873 fidei
248 816 319 874 sunt
334 811 408 876 hae:
433 819 592 896 exempto
609 813 746 894 uendito,
769 813 865 878 locati
885 814 1040 895 oonduoti,
1065 815 1261 896 negotiorum

149 940 321 1017 gestorum,
350 936 503 1018 mandati,
528 937 671 1020 depositi,
700 958 757 1021 pro
782 937 877 1020 socio,
907 939 1034 1020 tutelae,
1063 939 1259 1022 eommodati,

149 1057 368 1143 pigneratioia,
393 1063 532 1128 familiae
550 1063 761 1144 eroiseundae,
785 1063 941 1127 eommuni
965 1063 1147 1144 diuidundo,
1172 1085 1261 1148 prae·
1298 1080 1313 1130 5

149 1185 276 1268 seriptis
289 1189 404 1269 uerbiS,
430 1210 511 1270 quae
528 1190 743 1255 aestimatoria
759 1195 897 1254 uooatur.
932 1190 1019 1254 loeus
1036 1195 1140 1254 autem
1157 1189 1187 1253 ei
1203 1197 1259 1271 est,
1310 1226 1313 1232 ·

148 1329 218 1373 oum
242 1332 309 1375 rem
328 1313 536 1395 aestimatam,
561 1314 659 1378 ueluti
683 1320 898 1378 ornamentum
922 1314 974 1378 uel
998 1314 1084 1378 aliud
1108 1314 1260 1394 quidlibet

148 1434 317 1517 eiusmodi,
344 1437 401 1500 tibi
424 1438 621 1502 uendendam
645 1438 767 1502 tradam
791 1438 912 1502 dioens:
941 1444 996 1502 aut
1020 1438 1044 1502 O
1068 1459 1181 1503 aureos
1205 1445 1260 1502 aut

147 1579 214 1622 rem
248 1560 348 1642 ipsam
380 1561 456 1625 mihi
489 1561 646 1626 restituae.
693 1569 740 1626 est
774 1561 839 1626 alia
873 1582 998 1642 quoque
1034 1563 1116 1626 aetio
1151 1583 1259 1645 prae·

147 1683 306 1766 seriptis
340 1687 482 1767 uerbis,
519 1706 600 1767 quae
636 1707 675 1750 ex
709 1686 937 1770 permutatione
972 1687 1128 1770 competit.
1185 1687 1259 1751 item
1279 1699 1312 1750 lo

147 1809 332 1874 hereditatis
356 1811 475 1893 petitio.
524 1811 667 1892 quamuis
692 1811 774 1875 enim
798 1831 897 1891 usque
921 1811 1023 1874 adhue
1047 1811 1259 1893 ambigeretur

146 1939 245 2014 atque
269 1934 420 2000 insertum
437 1943 530 2018 esset,
553 1943 657 2000 utrum
679 1927 760 2000 inter
782 1937 885 1999 bonae
908 1935 981 1999 fidei
1004 1935 1121 1998 iudioia
1144 1956 1258 2000 oonnu·
1309 1975 1310 1979 =

145 2059 299 2123 meranda
330 2066 414 2124 esset
443 2079 556 2141 neone,
592 2059 791 2142 imperatoris
821 2066 925 2123 tamen
953 2059 1051 2122 nostri
1079 2059 1258 2124 constitutio

87 2197 133 2248 29.
145 2189 257 2266 aperte
293 2204 362 2247 eam
402 2204 471 2248 esse
510 2185 611 2248 bonae
646 2183 720 2248 fidei
754 2183 901 2248 definiuit.
956 2187 1007 2250 29.
1031 2184 1098 2248 Rei
1133 2203 1258 2264 quoque

145 2307 305 2372 uxoriae
329 2307 411 2372 aetio
435 2309 532 2388 (quae
556 2313 627 2390 post
649 2307 774 2390 nuptias
798 2307 918 2370 solutas
946 2306 1037 2371 uxori
1061 2309 1258 2390 competebat
1278 2319 1310 2371 15

146 2431 301 2496 aduersus
325 2432 426 2495 uirum
450 2431 490 2496 ad
517 2431 638 2496 dotales
662 2451 713 2496 res
735 2431 937 2514 repetendas)
961 2438 1029 2494 erat
1053 2433 1154 2494 bonae
1177 2431 1257 2498 fidei.

145 2562 195 2620 set
219 2557 396 2620 eonstitutio
420 2556 569 2640 prinoipis
585 2556 692 2636 nostri,
718 2576 757 2619 ea
773 2555 908 2636 sublata,
938 2555 979 2619 ad
996 2555 1098 2619 dotem
1115 2561 1256 2638 repeten-

146 2681 218 2744 dam
243 2681 397 2745 actionem
422 2701 460 2745 ex
484 2681 646 2763 stipulatu,
670 2686 779 2763 utpote
802 2680 983 2763 pleniorem,
1009 2679 1095 2743 dedit
1118 2685 1150 2744 et
1166 2700 1256 2743 omne

144 2805 195 2868 ius
223 2805 270 2868 rei
298 2805 427 2869 uxoriae
456 2805 588 2870 aetionis
617 2806 657 2868 ad
685 2825 755 2869 eam
782 2804 949 2869 transtulit.
995 2810 1025 2868 et
1053 2823 1123 2866 eum
1151 2803 1256 2886 plnres

145 2928 227 2992 alias
251 2928 422 2993 inuenisset
450 2929 657 3010 differentias,
693 2929 810 2994 actioni
837 2949 876 2992 ex
904 2929 1069 3012 stipulatu,
1105 2948 1187 3008 quae
1215 2928 1257 2991 ad
1275 2941 1310 2991 20

145 3053 249 3116 dotem
267 3053 453 3135 exigendam
473 3055 631 3137 eompetit,
656 3054 783 3118 taeitam
801 3054 1006 3137 hypotheoam
1025 3052 1111 3118 dedit
1126 3052 1158 3116 in
1175 3052 1256 3117 dotis

145 3177 310 3242 exaotione
334 3184 365 3242 et
388 3179 540 3261 praeferri
564 3178 724 3243 mulierem
753 3179 843 3243 iussit
869 3179 1011 3244 omnibus
1040 3177 1255 3259 oreditoribus,

144 3301 220 3365 lieet
242 3307 382 3385 tempore
410 3303 532 3386 priores
561 3304 629 3368 sint.
676 3304 760 3384 quod
783 3308 855 3367 bine
883 3304 1006 3368 demum
1029 3303 1162 3386 optinet,
1186 3323 1254 3366 eum

143 3425 257 3489 mulier
287 3445 326 3490 ea
354 3447 435 3507 quae
465 3426 546 3490 dotis
576 3427 700 3491 nomine
730 3427 816 3491 dedit
844 3415 980 3510 repetat,
1010 3432 1042 3490 et
1068 3427 1139 3492 ideo
1164 3427 1192 3491 si
1214 3427 1255 3491 ad

145 3549 347 3614 donationem
370 3557 444 3616 ante
467 3551 592 3634 nuptias
619 3552 671 3615 uel
698 3557 826 3634 propter
853 3551 977 3634 nuptias
1005 3551 1255 3634 persequendam
1274 3562 1307 3612 ‘25

145 3673 269 3738 actione
294 3695 333 3738 ex
357 3676 507 3758 stipulatu
531 3675 665 3758 experiri
688 3676 773 3757 uelit,
801 3696 864 3739 non
887 3675 998 3740 iisdem
1020 3675 1139 3740 fruetur
1161 3675 1255 3768 priui-

84 3797 246 3880 30‚legiis.
293 3802 344 3865 30.
359 3799 395 3862 In
418 3799 521 3864 bonae
544 3798 617 3864 fidei
640 3798 762 3863 iudioiis
785 3805 926 3882 potestas
951 3799 1137 3882 permittitur
1159 3799 1255 3864 iudiei
