3164 5338
500 452 536 462 -
583 417 729 482 338-

82 605 151 668 tinus
164 603 363 686 respondeas:
387 619 459 668 nam
475 603 501 668 si
516 601 575 669 hoe
589 603 691 669 solum
707 603 897 686 respondeas
916 603 1171 686 »promitto«,

81 724 200 790 brenitu
220 723 337 790 uideris
354 723 386 789 in
402 723 532 788 eandem
555 723 637 788 diem
652 742 709 790 seu
725 724 936 790 condicionem
958 723 1173 808 respondisse;

79 862 125 909 neo
143 843 219 908 enim
240 862 366 910 necesse
394 847 444 908 est
470 843 501 907 in
531 843 748 926 respondendo
774 845 883 911 eadem
906 844 1010 910 omnia
1031 848 1174 928 repetere

78 983 144 1045 qnae
164 963 330 1046 stipulator
356 962 559 1046 expresserit:
587 963 721 1029 uerbum
747 968 853 1031 autem
885 963 1101 1047 ›spondeo‹
1133 963 1174 1030 ad

47 1091 63 1141 6.
77 1083 165 1148 omnia
190 1102 272 1166 quae
303 1083 336 1148 in
364 1083 566 1166 stipulatione
599 1084 798 1150 continentur
833 1085 976 1152 refertur.
1030 1085 1057 1148 6.
1091 1084 1207 1150 Itemo

74 1203 175 1268 mutilis
198 1207 248 1269 est
269 1203 431 1287 stipulatio
453 1203 480 1269 si
502 1203 542 1269 ab
562 1203 766 1286 susciperer,
790 1205 845 1287 qui
866 1205 928 1270 iuri
949 1221 1018 1271 meo
1041 1204 1174 1271 subiecti

73 1322 133 1400 sint
153 1323 201 1387 uel
225 1323 253 1388 si
274 1323 307 1388 hi
329 1342 349 1388 a
369 1340 420 1388 me
442 1322 649 1404 stipulentur:
671 1323 833 1390 internos
856 1324 938 1390 enim
959 1323 1070 1405 nequit
1092 1324 1173 1390 actio

74 1442 236 1508 consistere.
280 1445 330 1508 set
359 1459 470 1508 seruus
498 1441 624 1524 quidem
653 1461 716 1508 non
738 1443 839 1509 solum
862 1443 986 1509 domino
1009 1443 1174 1527 stipulanti

71 1580 122 1626 non
142 1561 340 1644 obligabitur,
364 1568 412 1630 set
433 1583 472 1630 ne
495 1563 547 1630 alii
563 1563 690 1646 quidem
712 1565 784 1644 ulli3
807 1563 888 1630 filius
911 1562 1044 1630 familias
1067 1569 1174 1630 antem

70 1680 128 1746 aliis
148 1681 375 1764 stipulantibus
398 1681 565 1766 obligatur,
587 1682 670 1750 filius
693 1683 775 1749 enim
797 1682 931 1750 familias
953 1683 985 1748 in
1008 1684 1226 1752 contracti-1⁰

39 1803 56 1854 l·
69 1799 118 1866 bus
130 1800 348 1882 patrifamilias
363 1808 572 1885 comparatur.
608 1808 636 1869 7.
652 1803 777 1870 Mutum
797 1823 899 1887 neque
913 1804 1058 1888 stipulari
1072 1824 1175 1888 neque

67 1922 242 2002 promittere
262 1941 356 2006 posse
377 1923 482 2005 palam
504 1928 568 2004 est3
595 1923 680 2007 quod
701 1929 734 1989 et
754 1925 786 1990 in
813 1924 910 1990 surdo
932 1929 1093 2008 receptum
1116 1930 1173 2004 est,

67 2040 131 2121 qnia
155 2041 183 2108 is
213 2043 270 2124 qui
302 2043 474 2125 stipulatur
505 2042 605 2108 uerba
635 2042 848 2125 promittentis
877 2047 910 2108 et
938 2043 992 2126 qui
1018 2044 1176 2128 promittit

66 2161 153 2226 uerba
174 2163 358 2245 stipulantis
379 2162 527 2228 exaudire
550 2162 670 2228 debeat.
709 2162 748 2228 de
769 2181 807 2229 eo
829 2167 935 2229 autem
957 2164 1053 2230 surdo
1075 2164 1175 2246 loqui-

64 2300 127 2346 mur
146 2301 210 2348 non
235 2283 290 2365 qui
312 2283 434 2349 tardius
457 2282 614 2360 exaudiat,
637 2287 686 2348 set
708 2283 763 2365 qui
784 2283 909 2348 omuino
931 2302 994 2349 non
1016 2283 1172 2350 exandiat
1195 2288 1225 2339 ¹⁵

33 2400 50 2449 8·
65 2401 88 2463 8.
103 2401 258 2468 Furiosus
280 2403 402 2468 nullum
416 2402 577 2485 negotium
600 2421 709 2485 gerere
729 2407 852 2484 potest3
875 2403 1033 2485 quianon
1054 2403 1174 2470 intelle

62 2519 102 2599 git
121 2539 205 2602 quae
227 2520 325 2602 fiunt;
348 2521 461 2588 affectu
476 2522 559 2590 enim
581 2527 680 2588 caret:
704 2527 923 2590 conbaetuum
945 2527 1050 2588 autern
1072 2527 1175 2589 mater

30 2637 46 2688 9·
60 2638 147 2704 animi
178 2638 305 2706 affectio
336 2645 392 2707 est.
438 2642 466 2705 9.
495 2640 637 2724 Pupillus
665 2659 756 2708 omne
781 2642 942 2724 negotium
970 2646 1055 2708 recte
1082 2642 1172 2730 gerit,

60 2759 91 2820 nt
103 2762 220 2837 tamem
246 2759 346 2826 sicubi
360 2761 475 2827 tutoris
491 2760 688 2827 auctoritatis
703 2779 782 2843 opus
797 2761 848 2840 sit,
871 2766 960 2827 tutor
975 2761 1171 2840 adhibeatur,

58 2877 148 2942 ueluti
170 2879 245 2960 ipse
267 2879 436 2962 obligetur:
463 2899 536 2945 narn
558 2880 653 2945 alium
675 2880 735 2946 sibi
758 2880 896 2963 obligare
918 2881 1054 2964 pupillus
1077 2882 1172 2947 etiam
1190 2885 1224 2936 2⁰

22 2995 116 3063 1⁰·sine
138 3003 254 3064 tutore
273 3003 387 3081 potest
431 3001 478 3064 10.
503 2997 558 3065 Set
580 2999 665 3083 quod
688 3001 820 3067 diximus
844 3001 882 3068 de
903 3002 1039 3086 pupillis,
1064 3001 1102 3068 de
1123 3001 1172 3068 his

55 3118 159 3200 ntique
181 3137 301 3186 uerum
323 3124 384 3200 est,
416 3121 470 3204 qui
491 3119 554 3186 iam
581 3121 717 3204 aliquem
745 3122 938 3188 intellectum
960 3140 1068 3188 eonem
1090 3139 1173 3204 quae

54 3245 206 3319 genantur
237 3239 392 3304 habeant:
422 3237 524 3306 infans
553 3240 636 3306 enim
662 3245 695 3307 et
715 3241 771 3322 qui
796 3239 908 3306 infanti
930 3241 1090 3323 proximus
1113 3243 1171 3318 eat,

53 3374 107 3424 non
129 3359 275 3424 multum
297 3357 448 3424 afruioso
470 3357 598 3425 distant.
633 3359 687 3442 qui
710 3360 792 3426 enim
812 3361 893 3427 hanc
915 3365 1052 3428 aetatem
1074 3363 1173 3442 agunt
