3164 5338
833 370 1075 434 -363—

394 551 450 608 ἵνα
473 541 572 626 μόνος
595 541 734 632 κερδαὲνη
749 541 808 630 τήν
823 543 1050 629 κληρονομίαν.
1084 555 1269 628 τιμωρεῖται
1286 541 1344 629 τήν
1362 549 1497 628 κακίστην

396 647 497 716 αὐτοῦ
520 655 710 736 προαίρεσιν
724 648 744 716 δ
760 648 858 733 νόμος
881 648 1077 729 αἷναγκαὶζων
1092 647 1130 716 τό
1150 649 1264 735 κέρδος
1287 647 1325 716 τό
1349 648 1497 736 περιγενό-
1573 641 1574 716 f

395 758 524 840 mvov1)
549 757 583 819 έκ
605 754 692 842 τήςί)
716 757 801 822 Titiu
824 757 1037 844 κληρονομίας
1060 758 1348 839 κοινωνοποιεῖνῧ).
1393 754 1447 842 τήν
1467 757 1497 821 δέ
1573 759 1574 762 ’

396 863 471 928 Seiu
492 863 718 950 κληρονομίαν,
741 866 805 942 εἴγε
826 860 923 942 γνούς
938 863 1017 946 μετὰ
1034 861 1138 927 ταῦτα
1153 863 1389 944 κατεδέξατοί),
1411 860 1497 946 μόνας

360 971 470 1044 δέξει·
499 967 576 1035 οόδὲ
604 967 666 1055 γαὶρ
686 969 813 1033 ·έλπίδι
840 966 899 1034 τοῦ
931 967 1114 1055 κτήσασθαι
1149 965 1269 1054 ταύτην
1306 969 1426 1034 διέλυσε
1450 967 1499 1055 τήν

395 1081 577 1140 κοινωνίαν.
629 1085 699 1150 πῶς
734 1073 796 1162 γδρ
832 1074 933 1142 ὁπότε
959 1079 1013 1139 καὶ
1040 1074 1147 1162 ήγνόει
1175 1073 1299 1162 ταύτην
1325 1079 1370 1150 εἷς
1398 1073 1499 1141 ἑαυτόν

394 1187 630 1268 κατενηνέχθαι
637 1211 647 1260 ,·
670 1192 716 1270 τῷ
730 1186 840 1266 μέντοι
854 1183 1017 1269 Seolindtp,
1032 1186 1106 1246 εἴτι
1122 1181 1203 1266 μεταλ
1218 1181 1276 1269 τήν
1292 1181 1499 1269 ἀπαγόρευσιν

393 1286 452 1374 τήν
473 1292 517 1363 είς
541 1287 642 1354 αδτδν
664 1290 870 1374 γενομένηνῧ)
894 1288 949 1376 τής
973 1295 1143 1364 κοινωνίας
1158 1287 1389 1376 περιεπονήθη,
1411 1293 1436 1353 εί
1454 1291 1500 1352 καί

395 1394 413 1482 ἦ
436 1398 525 1459 αἰτία
553 1394 607 1482 τής
636 1405 696 1462 νῦν
723 1394 858 1483 κτήσεως
886 1400 1086 1482 πρεσβυτέρα
1109 1393 1163 1483 τῆς
1191 1394 1439 1479 ἀπαγορεύσεως
1459 1393 1499 1480 ήν,

343 1513 376 1565 10
394 1499 493 1585 μόνος
527 1501 666 1588 λήψεται
701 1500 757 1566 διαὶ
795 1500 832 1568 τό
870 1503 995 1588 μηδένα
1033 1501 1134 1568 αὐτοῦ
1173 1501 1273 1570 δόλον
1311 1503 1499 1584 ἐλέγχεσθαι.

395 1615 423 1677 5.
447 1606 568 1675 Λύεται
592 1608 611 1696 ή
633 1615 787 1674 κοινωνία
809 1607 893 1696 πρός
917 1607 1044 1684 τούτοις
1059 1608 1097 1699 τῇ
1118 1608 1176 1675 τοῦ
1193 1607 1351 1674 κοινωνοῦ
1370 1605 1524 1697 τελευτήῑι.

393 1715 413 1782 ό
447 1714 509 1803 γδρ
541 1721 715 1780 κοινωνίαν
754 1714 910 1780 συνιστῶν
948 1717 1151 1800 ἐγνωσμένον
1189 1714 1373 1803 πρόσωπον
1409 1712 1500 1802 ἑαυτῷ
1573 1765 1574 1800 η

394 1823 590 1902 έπιλέγεται,
617 1823 656 1888 ού
683 1821 817 1897 πόντως
846 1822 882 1885 δὲ
906 1820 924 1888 δ
947 1820 1006 1887 τοῦ
1029 1823 1107 1905 ἐμοῦ
1130 1831 1289 1888 κοινωνοῦ
1316 1820 1500 1908 κληρονόμος
1573 1805 1574 1828 ¹

393 1928 483 1993 ἔσται
512 1953 568 2012 μοι
597 1926 680 2016 πρός
713 1934 886 1993 κοινωνίαν
918 1927 1110 2015 ἐπιτήδειος.
1163 1932 1191 1993 εἰ
1221 1929 1258 1993 δέ
1285 1931 1339 1992 καί
1368 1929 1500 2001 πλείονες
1572 1979 1574 2012 z

342 2046 374 2096 15
394 2037 544 2100 κοινωνοὶ
568 2033 802 2120 συστήσωνται,
832 2033 870 2124 τῇ
893 2033 952 2100 τοῦ
975 2033 1045 2110 ἑνός
1072 2033 1198 2125 τελευτή
1226 2033 1347 2117 μεταξύ
1374 2032 1500 2099 πάντων

395 2127 602 2226 διαλύεταιή
624 2146 793 2216 κοινωνία,
816 2143 844 2205 εἰ
866 2144 918 2204 καί
943 2139 975 2205 οἳ
997 2139 1162 2228 περιόντες
1190 2142 1339 2216 πλείονές
1367 2144 1426 2206 εἰσι
1447 2149 1500 2204 τῶν

393 2244 660 2332 τελευτησάντων.
698 2252 729 2310 τί
746 2245 808 2333 γαέρ
832 2245 883 2312 ότι
906 2251 1004 2312 πέντε
1027 2246 1046 2334 ἢ
1068 2249 1152 2334 καὶὸ)
1177 2251 1211 2324 ἓξ
1231 2247 1499 2333 συστησαμένωνῖ)

394 2358 568 2417 κοινωνίαν
592 2351 652 2417 δύο
675 2350 746 2436 αἷμα
769 2353 804 2417 ἐν
820 2359 964 2438 ναυαγίῳ
980 2352 1190 2440 τεθνήκασινς
1215 2354 1287 2418 ἐσθ’
1305 2352 1359 2419 ὅτε
1375 2351 1437 2439 γύρ
1453 2349 1499 2416 διό

291 2530 296 2542 .
393 2456 470 2534 τούς
492 2457 739 2545 τελευτήσαντας
763 2457 931 2546 έπωηοελης
954 2458 1024 2544 αἷμα
1047 2463 1101 2524 καί
1123 2457 1231 2547 αἱρετή
1254 2454 1399 2548 ύπήρχεν
1412 2459 1431 2546 ἡ
1446 2483 1499 2524 κοι-

341 2575 376 2628 20
394 2571 506 2630 νωνία.
552 2569 580 2630 εί
602 2563 644 2652 μή
671 2563 737 2654 ἄρα
764 2566 800 2630 ἐν
822 2563 868 2652 τῷ
899 2565 1052 2631 συνιστᾶν
1074 2565 1132 2654 τήν
1154 2565 1457 2653 κοινωνίαν-ἔτερόν
1475 2589 1500 2629 τι

394 2671 572 2758 συνήρεσεν,
596 2671 673 2748 ὥςτε
687 2670 758 2747 ἑνός
773 2671 1019 2759 τελευτήσαντος
1034 2685 1102 2748 τοϊς
1118 2672 1266 2760 περιοῦσι
1286 2671 1501 2760 φυλάττεσθαι

393 2775 451 2866 τήν
474 2783 658 2844 κοινωνίαν.
698 2785 727 2847 6.
750 2777 874 2846 Λύεται
898 2778 916 2866 ἡ
938 2784 1092 2844 κοινωνία
1114 2782 1168 2844 καί
1185 2784 1431 2866 περαιωθέντας
1452 2775 1525 2842 τοῦθ.

394 2883 589 2972 πράγματος
604 2886 735 2961 ἐκείνου,
759 2886 810 2971 ἐφ’
825 2884 849 2973 ᾧ
866 2890 1008 2971 συνέστη.
1041 2888 1069 2950 εί
1084 2884 1146 2974 γδρ
1162 2886 1219 2950 ἐπὶ
1234 2887 1378 2973 ἐμπορίᾳ
1391 2886 1500 2972 α’νδρα-

393 2989 511 3057 πόδων
533 2989 633 3073 τυχόν
655 2994 779 3072 γέγονε,
804 2995 920 3078 συνέβη
944 2992 981 3056 δέ
1004 2990 1126 3078 ταύτην
1148 2991 1206 3080 τήν
1222 2993 1387 3081 έμπορίαν
1408 2995 1500 3078 πέρας

341 3108 375 3160 25
393 3096 523 3183 ffxsffl),
548 3096 781 3184 avpna15eva49)
806 3102 860 3164 καί
882 3097 901 3186 ἡ
924 3105 1086 3163 κοινωνία.
1130 3105 1158 3166 7.
1183 3102 1247 3164 Καὶ
1271 3098 1419 3187 δήμευσις
1440 3095 1500 3171 ἑνός
1509 3107 1526 3156 7.

393 3202 459 3270 τῶν
482 3203 646 3269 κοινωνῶν
670 3203 794 3270 διαλύει
817 3203 876 3292 τήν
898 3211 1082 3282 κοινωνίαν,
1105 3204 1190 3271 α’λλαὶ
1205 3204 1280 3272 τότε
1302 3206 1397 3293 ήνίκα
1418 3204 1501 3271 πᾶσα

394 3309 494 3398 ήτοῦ
516 3309 674 3376 κοινωνοῦ
696 3303 867 3397 περιουσία
895 3311 1036 3397 δημοσία
1064 3316 1205 3398 γένηται.
1252 3311 1355 3378 όπότε
1385 3311 1443 3400 γοὶρ
1463 3313 1500 3384 είς

393 3413 452 3504 τήν
467 3423 657 3503 περιουσίαν
671 3416 730 3482 τοῦ
743 3417 962 3504 δημευθέντος
977 3422 1083 3505 ἕτερος
1100 3418 1334 3507 ὑπεισέρχεται,
1349 3424 1500 3484 τουτέστιν

395 3522 413 3588 ό
435 3525 542 3600 Ῑίεοοε,
564 3529 693 3610 μίμησις
716 3523 921 3604 έπεισαίγεται
943 3523 1098 3611 τελευτής,
1121 3523 1203 3590 ὅθεν
1226 3524 1396 3592 διαλύεται
1413 3525 1498 3613 ήκοι-

341 3639 378 3692 30
396 3634 508 3694 νωνία.
554 3629 680 3718 μερικής
708 3629 770 3717 γδρ
801 3635 972 3716 γενομένης
1001 3631 1180 3717 δημεύσεως
1206 3632 1254 3697 ἔτι
1282 3627 1501 3720 συνέστηκενή

485 3869 506 3936 1)
526 3891 630 3941 παραγ.
650 3870 685 3924 V.
758 3871 779 3939 ²)
799 3875 847 3926 τού
864 3873 915 3924 ins.
935 3870 980 3925 Vi.
999 3872 1046 3926 R.:
1066 3870 1096 3928 ἐκ
1109 3876 1137 3926 Τ.
1152 3876 1199 3940 τῆς
1218 3877 1257 3928 κλ.
1270 3872 1305 3925 Μ.
1380 3873 1402 3937 ³)
1420 3868 1500 3927 καινόν

395 3978 450 4012 ποι.
470 3957 504 4011 V.
524 3956 568 4010 Vi.
587 3958 620 4012 R.
732 3959 755 4028 4)
774 3960 822 4017 M.:
842 3964 895 4013 cet.
914 3958 1087 4028 -αδέξηταα
1199 3962 1222 4029 ⁵)
1241 3961 1298 4029 τήν.
1319 4004 1325 4016 .
1345 3984 1405 4034 γεν.
1424 3960 1447 4014 d.
1463 3957 1499 4012 [δ.

392 4044 417 4112 ⁶)
436 4044 462 4099 d.
482 4045 516 4100 V.
536 4046 580 4098 Vi.
599 4047 633 4100 R.
712 4048 734 4115 7)
753 4052 938 4121 κληρονομίαν
957 4047 1014 4104 ύτοι
1032 4050 1082 4102 ine.
1102 4049 1144 4103 L2.
1226 4049 1248 4118 ⁸)
1268 4059 1350 4122 σχεῖν
1367 4051 1411 4104 Vi.
1428 4050 1454 4102 F.
1471 4047 1499 4100 R.

394 4131 418 4203 ⁹)
437 4133 587 4191 -αύσεται
605 4135 649 4192 Vi.
669 4137 702 4190 R.
1561 4173 1564 4217 η
