3154 5338
528 424 756 490 ·-3ar-

93 611 255 692 gratuitum
278 629 346 677 esse
370 611 478 690 debet;
502 617 627 694 oportet
646 611 792 677 nimirum
815 617 860 690 ut,
884 613 971 678 nulla
993 618 1122 694 accepta
1144 632 1200 679 seu

92 730 253 795 constituta
274 731 426 809 mercede,
450 750 515 795 rem
538 731 594 795 tibi
618 731 766 796 utendam
782 731 923 812 tradam;
950 715 1097 814 alioquin,
1121 751 1201 820 mer-

91 850 157 914 cede
176 850 413 928 intemeniente,
436 852 557 917 locatus
580 851 638 916 tibi
658 870 735 917 usus
757 852 829 917 libri
851 871 920 918 esse
941 852 1077 932 uidetur,
1100 871 1203 935 neque

89 970 144 1034 iam
165 969 397 1035 commodatum
420 971 572 1036 eiusmodi
588 976 767 1038 contractus
790 973 969 1038 uocabitur:
993 973 1087 1039 debet
1109 973 1200 1053 enim,

56 1089 131 1153 auti
152 1088 270 1154 dictum
293 1093 357 1168 est,
388 1091 563 1172 gratantum
593 1109 661 1156 esse
684 1091 923 1157 commodatum.
969 1094 997 1157 3.
1022 1092 1128 1158 Etiam
1147 1093 1235 1157 ‘dc-o

87 1209 218 1290 positum
246 1210 329 1276 inter
355 1229 390 1276 re
416 1210 622 1292 obligationes
650 1216 840 1278 recensetur.
890 1213 918 1276 si
946 1212 1027 1278 enim
1057 1213 1141 1300 apud
1170 1219 1202 1280 te

87 1349 146 1394 rem
166 1349 270 1396 meam
293 1331 463 1412 deponam,
495 1330 650 1396 teneberis
679 1350 714 1397 re
741 1332 930 1413 obligatione
957 1337 1052 1414 atque
1078 1333 1200 1399 actione

88 1449 229 1532 depositi,
260 1470 355 1532 quam
378 1456 488 1517 contra
514 1456 546 1516 te
574 1450 696 1516 habebo
718 1452 813 1516 adid
840 1453 1093 1535 consequendum
1115 1454 1200 1534 quod

87 1571 286 1652 deposuerim.
332 1591 369 1636 ex
397 1571 468 1634 dolo
496 1576 601 1635 autem
630 1571 848 1635 tantummodo
876 1571 959 1637 circa
984 1590 1050 1636 rem
1079 1572 1201 1654 deposi-

86 1696 144 1755 tam
166 1660 306 1756 admisso
329 1691 404 1755 mihi
426 1690 596 1756 teneberis:
624 1709 697 1754 nam
726 1691 752 1755 si
776 1690 896 1756 desidia
920 1688 1002 1755 forte
1024 1691 1075 1756 uel
1097 1692 1201 1774 negle·
1221 1710 1252 1760 ro

85 1811 183 1891 gentio
214 1829 265 1876 res
293 1810 436 1892 deposita
465 1811 552 1891 peior
580 1809 664 1875 facta
691 1811 748 1888 sit,
777 1827 905 1875 securus
936 1810 1014 1876 eris:
1044 1811 1142 1876 ueluti
1173 1812 1200 1877 si

85 1950 129 1996 res
157 1951 176 1996 a
203 1936 237 1997 te
263 1932 464 2013 neglegenter
493 1931 651 1996 custodita
679 1950 698 1995 a
726 1931 862 2012 quodam
890 1929 1090 2012 subripiatur.
1146 1932 1200 2013 qui

85 2051 160 2115 enim
181 2051 360 2132 neglegenti
384 2051 482 2116 amico
510 2069 576 2115 rem
599 2050 835 2116 custodiendam
858 2049 970 2129 tradit,
998 2068 1074 2114 suae
1097 2051 1197 2116 stulti·

51 2171 141 2236 ttioe
162 2171 195 2236 id
225 2172 382 2252 imputare
409 2170 510 2235 debet
556 2173 585 2234 4.
610 2169 689 2236 Cum
711 2189 768 2254 ego
791 2149 863 2235 ote
886 2170 911 2235 C
938 2189 1050 2254 aureos
1072 2175 1199 2236 mutuos

84 2292 266 2373 acceperim,
295 2290 367 2354 dedi
388 2289 446 2354 tibi
469 2309 596 2355 seruum
618 2309 722 2355 meum
744 2289 881 2372 pigneris
903 2291 988 2355 loco:
1016 2309 1050 2355 re
1072 2291 1199 2372 quidem
1220 2309 1251 2360 ro

84 2410 269 2492 obligatione
291 2409 464 2487 teneberiS,
493 2409 615 2474 actione
644 2414 749 2474 autem
778 2409 997 2491 pignoraticia,
1026 2429 1199 2492 perquam

83 2537 148 2610 post
171 2531 271 2596 debiti
294 2531 482 2596 solutionem
504 2531 617 2612 pignus
634 2530 709 2595 mihi
732 2532 852 2612 cogeris
875 2532 1051 2597 restituere.
1085 2532 1199 2614 pignus

82 2655 181 2715 autem
205 2650 373 2731 utriusque
401 2649 504 2732 gratia
531 2649 746 2716 introductum
769 2656 831 2730 ost3
861 2656 990 2734 tamque
1017 2652 1093 2716 mihi
1115 2652 1200 2718 debi-

82 2771 150 2847 tori,
186 2788 284 2852 quam
313 2769 371 2833 tibi
400 2769 547 2834 creditori
579 2770 716 2852 prodest.
768 2770 843 2834 mihi
873 2771 999 2852 qrridern
1026 2772 1101 2853 quia
1133 2771 1199 2853 pig-

18 2915 20 2922 *
81 2908 148 2954 uere
171 2893 319 2970 accepto,
349 2887 471 2954 facilius
498 2889 574 2954 mihi
597 2889 621 2954 G
648 2889 718 2955 illos
741 2909 853 2956 aureos
880 2890 1001 2970 credes,
1030 2890 1088 2956 tibi
1110 2909 1196 2968 uero,
1216 2905 1250 2957 ao

81 3009 226 3089 quoniam
248 3028 306 3090 per
327 3009 464 3091 pigneris
480 3009 690 3074 detentionem
709 3010 827 3075 intuto
850 3015 899 3076 est
920 3010 1075 3076 creditum
1097 3014 1197 3074 tuum.

81 3132 109 3191 et
128 3129 199 3194 ideo
224 3127 316 3210 quasi
338 3128 460 3192 lucrum
488 3128 620 3206 habeas,
652 3101 722 3193 cum
745 3129 840 3194 sitin
863 3134 933 3196 tuto
955 3149 1084 3208 nomen,
1113 3149 1199 3212 mag·

79 3267 145 3312 nam
168 3248 366 3329 diligentiam
388 3249 420 3313 in
443 3267 481 3314 ca
502 3268 536 3314 re
551 3249 757 3314 custodienda
777 3249 925 3316 adhibere
940 3251 1049 3316 debes:
1073 3251 1099 3317 si
1121 3269 1198 3316 uero

78 3365 206 3436 fortuito
232 3386 307 3433 casu
328 3368 442 3450 pignus
464 3374 583 3450 pereat,
606 3388 668 3435 non
691 3370 850 3436 tenebitur
874 3370 1021 3450 creditor,
1045 3376 1078 3436 et
1100 3369 1197 3436 credi-

79 3491 140 3554 tum
162 3487 368 3554 nibilominus
390 3493 499 3572 petere
519 3489 645 3573 poterit.
1216 3502 1249 3555 ao
