<?xml version="1.0" encoding="UTF-8"?>
<!DOCTYPE html PUBLIC "-//W3C//DTD XHTML 1.0 Transitional//EN"
    "http://www.w3.org/TR/xhtml1/DTD/xhtml1-transitional.dtd">
<html xmlns="http://www.w3.org/1999/xhtml" xml:lang="en" lang="en">
 <head>
  <title>
</title>
<meta http-equiv="Content-Type" content="text/html;charset=utf-8" />
  <meta name='ocr-system' content='tesseract 3.04.00' />
  <meta name='ocr-capabilities' content='ocr_page ocr_carea ocr_par ocr_line ocrx_word'/>
</head>
<body>
  <div class='ocr_page' id='page_1' title='image "./institutionumgr01linggoog_0354.png"; bbox 0 0 3328 5318; ppageno 0'>
   <div class='ocr_carea' id='block_1_1' title="bbox 837 401 1078 464">
    <p class='ocr_par' dir='ltr' id='par_1_1' title="bbox 837 401 1078 464">
     <span class='ocr_line' id='line_1_1' title="bbox 837 401 1078 464; baseline 0 0"><span class='ocrx_word' id='word_1_1' title='bbox 837 401 1078 464; x_wconf 80' lang='lat'><strong>—423-</strong></span> 
     </span>
    </p>
   </div>
   <div class='ocr_carea' id='block_1_2' title="bbox 345 572 1602 3636">
    <p class='ocr_par' dir='ltr' id='par_1_2' title="bbox 345 572 1602 3636">
     <span class='ocr_line' id='line_1_2' title="bbox 398 572 1517 662; baseline -0.003 -22"><span class='ocrx_word' id='word_1_2' title='bbox 398 579 460 640; x_wconf 78' lang='grc' dir='ltr'><strong><em>εἴτε</em></strong></span> <span class='ocrx_word' id='word_1_3' title='bbox 482 573 563 662; x_wconf 78' lang='grc' dir='ltr'><strong><em>ύπὲρ</em></strong></span> <span class='ocrx_word' id='word_1_4' title='bbox 584 573 693 661; x_wconf 77' lang='grc' dir='ltr'><strong><em>ἑτέρου</em></strong></span> <span class='ocrx_word' id='word_1_5' title='bbox 712 578 906 657; x_wconf 75' lang='grc' dir='ltr'><strong><em>καταβαλεῖν</em></strong></span> <span class='ocrx_word' id='word_1_6' title='bbox 927 572 1041 639; x_wconf 84' lang='grc' dir='ltr'><strong><em>ἑαυτόν</em></strong></span> <span class='ocrx_word' id='word_1_7' title='bbox 1049 575 1071 659; x_wconf 81' lang='grc'><strong><em>1)</em></strong></span> <span class='ocrx_word' id='word_1_8' title='bbox 1088 597 1135 648; x_wconf 91' lang='grc' dir='ltr'><strong><em>τις</em></strong></span> <span class='ocrx_word' id='word_1_9' title='bbox 1152 572 1372 659; x_wconf 77' lang='grc' dir='ltr'><strong><em>ἐπηγγείλατο,</em></strong></span> <span class='ocrx_word' id='word_1_10' title='bbox 1395 572 1517 657; x_wconf 86' lang='grc' dir='ltr'><strong><em>έπερω-</em></strong></span> 
     </span>
     <span class='ocr_line' id='line_1_3' title="bbox 398 677 1517 767; baseline -0.004 -20"><span class='ocrx_word' id='word_1_11' title='bbox 398 681 517 767; x_wconf 88' lang='grc' dir='ltr'><strong><em>τήσεως</em></strong></span> <span class='ocrx_word' id='word_1_12' title='bbox 538 678 663 766; x_wconf 86' lang='grc' dir='ltr'><strong><em>δηλαδὴ</em></strong></span> <span class='ocrx_word' id='word_1_13' title='bbox 679 680 837 766; x_wconf 86' lang='grc' dir='ltr'><strong><em>μηδεμιᾶς</em></strong></span> <span class='ocrx_word' id='word_1_14' title='bbox 848 679 1069 766; x_wconf 74' lang='grc' dir='ltr'><strong><em>ὑποκειμένης.</em></strong></span> <span class='ocrx_word' id='word_1_15' title='bbox 1104 679 1222 765; x_wconf 89' lang='grc' dir='ltr'><strong><em>ταύτης</em></strong></span> <span class='ocrx_word' id='word_1_16' title='bbox 1233 677 1295 764; x_wconf 90' lang='grc' dir='ltr'><strong><em>γάρ</em></strong></span> <span class='ocrx_word' id='word_1_17' title='bbox 1306 683 1517 764; x_wconf 88' lang='grc' dir='ltr'><strong><em>παρακολου-</em></strong></span> 
     </span>
     <span class='ocr_line' id='line_1_4' title="bbox 398 783 1570 874; baseline -0.004 -22"><span class='ocrx_word' id='word_1_18' title='bbox 398 787 553 874; x_wconf 87' lang='grc' dir='ltr'><strong><em>θησάσης,</em></strong></span> <span class='ocrx_word' id='word_1_19' title='bbox 576 785 637 872; x_wconf 81' lang='grc' dir='ltr'><strong><em>τὴν</em></strong></span> <span class='ocrx_word' id='word_1_20' title='bbox 660 808 699 851; x_wconf 82' lang='lat' dir='ltr'><strong><em>ex</em></strong></span> <span class='ocrx_word' id='word_1_21' title='bbox 723 787 906 871; x_wconf 76' lang='lat' dir='ltr'>stipulatu²)</span> <span class='ocrx_word' id='word_1_22' title='bbox 925 786 1041 850; x_wconf 88' lang='grc' dir='ltr'><strong><em>δίδωσι</em></strong></span> <span class='ocrx_word' id='word_1_23' title='bbox 1056 784 1126 870; x_wconf 60' lang='grc' dir='ltr'><strong><em>τδῧ)</em></strong></span> <span class='ocrx_word' id='word_1_24' title='bbox 1143 783 1322 850; x_wconf 88' lang='grc' dir='ltr'><strong><em>πολιτικόν.</em></strong></span> <span class='ocrx_word' id='word_1_25' title='bbox 1365 791 1414 854; x_wconf 87' lang='grc'><strong><em>10.</em></strong></span> <span class='ocrx_word' id='word_1_26' title='bbox 1439 783 1511 870; x_wconf 83' lang='grc' dir='ltr'><strong><em>Τὴν</em></strong></span> <span class='ocrx_word' id='word_1_27' title='bbox 1529 796 1570 848; x_wconf 93' lang='lat'><strong><em>10.</em></strong></span> 
     </span>
     <span class='ocr_line' id='line_1_5' title="bbox 400 890 1513 978; baseline -0.004 -20"><span class='ocrx_word' id='word_1_28' title='bbox 400 893 470 978; x_wconf 72' lang='grc' dir='ltr'>δέ1)</span> <span class='ocrx_word' id='word_1_29' title='bbox 497 895 536 958; x_wconf 86' lang='lat' dir='ltr'><strong><em>de</em></strong></span> <span class='ocrx_word' id='word_1_30' title='bbox 563 895 689 976; x_wconf 69' lang='lat' dir='ltr'><strong>penulio</strong></span> <span class='ocrx_word' id='word_1_31' title='bbox 718 891 848 978; x_wconf 75' lang='grc' dir='ltr'><strong><em>α’γωγδγν</em></strong></span> <span class='ocrx_word' id='word_1_32' title='bbox 882 891 938 956; x_wconf 87' lang='grc' dir='ltr'><strong><em>διὰ</em></strong></span> <span class='ocrx_word' id='word_1_33' title='bbox 966 894 1064 956; x_wconf 82' lang='grc' dir='ltr'><strong><em>τοῦτο</em></strong></span> <span class='ocrx_word' id='word_1_34' title='bbox 1092 891 1206 976; x_wconf 65' lang='grc' dir='ltr'><strong><em>κατὰὸ)</em></strong></span> <span class='ocrx_word' id='word_1_35' title='bbox 1234 890 1359 976; x_wconf 88' lang='grc' dir='ltr'><strong><em>πατρὸς</em></strong></span> <span class='ocrx_word' id='word_1_36' title='bbox 1387 919 1405 978; x_wconf 93' lang='grc' dir='ltr'><strong><em>η</em></strong></span> <span class='ocrx_word' id='word_1_37' title='bbox 1428 890 1513 956; x_wconf 89' lang='grc' dir='ltr'><strong><em>κατὰ</em></strong></span> 
     </span>
     <span class='ocr_line' id='line_1_6' title="bbox 364 996 1519 1084; baseline -0.005 -16"><span class='ocrx_word' id='word_1_38' title='bbox 364 1017 380 1068; x_wconf 82' lang='lat'><strong>5</strong></span> <span class='ocrx_word' id='word_1_39' title='bbox 400 999 559 1065; x_wconf 89' lang='grc' dir='ltr'><strong><em>δεσπότου</em></strong></span> <span class='ocrx_word' id='word_1_40' title='bbox 585 997 723 1084; x_wconf 81' lang='grc' dir='ltr'><strong><em>έφηῦρεν</em></strong></span> <span class='ocrx_word' id='word_1_41' title='bbox 751 997 772 1064; x_wconf 86' lang='grc' dir='ltr'><strong><em>δ</em></strong></span> <span class='ocrx_word' id='word_1_42' title='bbox 797 996 1292 1084; x_wconf 80' lang='grc' dir='ltr'><strong><em>ρτοόῖω1,έπειδὴ,είκαὶτά</em></strong></span> <span class='ocrx_word' id='word_1_43' title='bbox 1317 997 1458 1081; x_wconf 85' lang='grc' dir='ltr'><strong><em>μάλιστα</em></strong></span> <span class='ocrx_word' id='word_1_44' title='bbox 1482 997 1519 1062; x_wconf 80' lang='grc' dir='ltr'><strong><em>ἐκ</em></strong></span> 
     </span>
     <span class='ocr_line' id='line_1_7' title="bbox 399 1103 1516 1192; baseline -0.003 -22"><span class='ocrx_word' id='word_1_45' title='bbox 399 1104 468 1170; x_wconf 73' lang='grc' dir='ltr'><strong><em>τῶν</em></strong></span> <span class='ocrx_word' id='word_1_46' title='bbox 494 1104 577 1192; x_wconf 84' lang='grc' dir='ltr'><strong><em>πρὸς</em></strong></span> <span class='ocrx_word' id='word_1_47' title='bbox 603 1103 679 1180; x_wconf 84' lang='grc' dir='ltr'><strong><em>τοὺς</em></strong></span> <span class='ocrx_word' id='word_1_48' title='bbox 705 1105 914 1182; x_wconf 80' lang='grc' dir='ltr'><strong><em>ύπεξοοσίους</em></strong></span> <span class='ocrx_word' id='word_1_49' title='bbox 942 1104 1218 1189; x_wconf 79' lang='grc' dir='ltr'><strong><em>συναλλαγμάτων</em></strong></span> <span class='ocrx_word' id='word_1_50' title='bbox 1245 1103 1332 1192; x_wconf 78' lang='grc' dir='ltr'><strong><em>αύτῷ</em></strong></span> <span class='ocrx_word' id='word_1_51' title='bbox 1355 1107 1401 1192; x_wconf 80' lang='grc' dir='ltr'><strong><em>τῷ</em></strong></span> <span class='ocrx_word' id='word_1_52' title='bbox 1423 1103 1516 1190; x_wconf 86' lang='grc' dir='ltr'><strong><em>νόμῳ</em></strong></span> 
     </span>
     <span class='ocr_line' id='line_1_8' title="bbox 400 1209 1519 1297; baseline -0.002 -21"><span class='ocrx_word' id='word_1_53' title='bbox 400 1211 440 1276; x_wconf 84' lang='grc' dir='ltr'><strong><em>ού</em></strong></span> <span class='ocrx_word' id='word_1_54' title='bbox 454 1212 645 1292; x_wconf 81' lang='grc' dir='ltr'><strong><em>κατέχονται</em></strong></span> <span class='ocrx_word' id='word_1_55' title='bbox 660 1210 692 1275; x_wconf 74' lang='grc' dir='ltr'><strong><em>οὶ</em></strong></span> <span class='ocrx_word' id='word_1_56' title='bbox 706 1211 841 1296; x_wconf 77' lang='grc' dir='ltr'><strong><em>πατέρες</em></strong></span> <span class='ocrx_word' id='word_1_57' title='bbox 855 1211 878 1297; x_wconf 81' lang='grc' dir='ltr'><em>ἢ</em></span> <span class='ocrx_word' id='word_1_58' title='bbox 894 1210 925 1275; x_wconf 75' lang='grc' dir='ltr'><strong><em>οἳ</em></strong></span> <span class='ocrx_word' id='word_1_59' title='bbox 941 1211 1127 1296; x_wconf 62' lang='grc' dir='ltr'><strong><em>δεσπόταιθ)</em></strong></span> <span class='ocrx_word' id='word_1_60' title='bbox 1145 1213 1255 1292; x_wconf 80' lang='grc' dir='ltr'><strong><em>(τοῦτο</em></strong></span> <span class='ocrx_word' id='word_1_61' title='bbox 1272 1209 1334 1296; x_wconf 88' lang='grc' dir='ltr'><strong><em>γάρ</em></strong></span> <span class='ocrx_word' id='word_1_62' title='bbox 1348 1210 1519 1295; x_wconf 83' lang='grc' dir='ltr'><strong><em>ἄγνωστον</em></strong></span> 
     </span>
     <span class='ocr_line' id='line_1_9' title="bbox 398 1315 1517 1407; baseline -0.002 -25"><span class='ocrx_word' id='word_1_63' title='bbox 398 1344 436 1407; x_wconf 89' lang='grc' dir='ltr'><strong><em>τη</em></strong></span> <span class='ocrx_word' id='word_1_64' title='bbox 462 1320 609 1406; x_wconf 74' lang='grc' dir='ltr'><strong><em>πολιτικῇ</em></strong></span> <span class='ocrx_word' id='word_1_65' title='bbox 637 1320 848 1401; x_wconf 82' lang='grc' dir='ltr'><strong><em>νομοθεσίᾳ),</em></strong></span> <span class='ocrx_word' id='word_1_66' title='bbox 876 1315 965 1401; x_wconf 77' lang='grc' dir='ltr'><strong><em>ὅμως</em></strong></span> <span class='ocrx_word' id='word_1_67' title='bbox 995 1315 1051 1380; x_wconf 86' lang='grc' dir='ltr'><strong><em>διά</em></strong></span> <span class='ocrx_word' id='word_1_68' title='bbox 1079 1315 1117 1382; x_wconf 87' lang='grc' dir='ltr'><strong><em>τό</em></strong></span> <span class='ocrx_word' id='word_1_69' title='bbox 1147 1317 1242 1402; x_wconf 85' lang='grc' dir='ltr'><strong><em>φύσει</em></strong></span> <span class='ocrx_word' id='word_1_70' title='bbox 1270 1318 1398 1382; x_wconf 88' lang='grc' dir='ltr'><strong><em>δίκαιον</em></strong></span> <span class='ocrx_word' id='word_1_71' title='bbox 1422 1317 1517 1401; x_wconf 89' lang='grc' dir='ltr'><strong><em>μέχρι</em></strong></span> 
     </span>
     <span class='ocr_line' id='line_1_10' title="bbox 398 1421 1519 1510; baseline -0.001 -22"><span class='ocrx_word' id='word_1_72' title='bbox 398 1427 456 1510; x_wconf 86' lang='grc' dir='ltr'><strong><em>τῆς</em></strong></span> <span class='ocrx_word' id='word_1_73' title='bbox 482 1427 542 1488; x_wconf 80' lang='grc' dir='ltr'><strong><em>τοῦ</em></strong></span> <span class='ocrx_word' id='word_1_74' title='bbox 569 1426 696 1508; x_wconf 74' lang='lat' dir='ltr'>peculia</span> <span class='ocrx_word' id='word_1_75' title='bbox 722 1423 902 1509; x_wconf 83' lang='grc' dir='ltr'><strong><em>ποσότητος</em></strong></span> <span class='ocrx_word' id='word_1_76' title='bbox 929 1421 1219 1508; x_wconf 65' lang='grc' dir='ltr'><strong><em>καταδικάζεταιΊ).</em></strong></span> <span class='ocrx_word' id='word_1_77' title='bbox 1266 1421 1345 1508; x_wconf 79' lang='grc' dir='ltr'><strong><em>ὅπερ</em></strong></span> <span class='ocrx_word' id='word_1_78' title='bbox 1369 1425 1519 1508; x_wconf 75' lang='grc' dir='ltr'><strong><em>ροοὺλίοιι</em></strong></span> 
     </span>
     <span class='ocr_line' id='line_1_11' title="bbox 346 1528 1518 1617; baseline -0.004 -18"><span class='ocrx_word' id='word_1_79' title='bbox 346 1547 381 1599; x_wconf 87' lang='grc'><strong><em>10</em></strong></span> <span class='ocrx_word' id='word_1_80' title='bbox 400 1530 492 1594; x_wconf 82' lang='grc' dir='ltr'><strong><em>ούσία</em></strong></span> <span class='ocrx_word' id='word_1_81' title='bbox 520 1532 585 1594; x_wconf 76' lang='grc' dir='ltr'><strong><em>τῶν</em></strong></span> <span class='ocrx_word' id='word_1_82' title='bbox 615 1529 812 1606; x_wconf 80' lang='grc' dir='ltr'><strong><em>δπεξουσίων</em></strong></span> <span class='ocrx_word' id='word_1_83' title='bbox 838 1530 983 1605; x_wconf 82' lang='grc' dir='ltr'><strong><em>παίδων,</em></strong></span> <span class='ocrx_word' id='word_1_84' title='bbox 1011 1528 1157 1617; x_wconf 75' lang='grc' dir='ltr'><strong><em>ἀρρένων</em></strong></span> <span class='ocrx_word' id='word_1_85' title='bbox 1180 1531 1263 1616; x_wconf 85' lang='grc' dir='ltr'><strong><em>φημὶ</em></strong></span> <span class='ocrx_word' id='word_1_86' title='bbox 1286 1531 1338 1594; x_wconf 89' lang='grc' dir='ltr'><strong><em>καὶ</em></strong></span> <span class='ocrx_word' id='word_1_87' title='bbox 1362 1531 1518 1616; x_wconf 79' lang='grc' dir='ltr'><strong><em>θηλειῶν,</em></strong></span> 
     </span>
     <span class='ocr_line' id='line_1_12' title="bbox 399 1633 1520 1721; baseline -0.003 -20"><span class='ocrx_word' id='word_1_88' title='bbox 399 1636 496 1713; x_wconf 76' lang='grc' dir='ltr'><strong><em>ἐστιν,</em></strong></span> <span class='ocrx_word' id='word_1_89' title='bbox 524 1635 643 1720; x_wconf 86' lang='grc' dir='ltr'><strong><em>δμοίως</em></strong></span> <span class='ocrx_word' id='word_1_90' title='bbox 671 1636 708 1699; x_wconf 82' lang='grc' dir='ltr'><strong><em>δὲ</em></strong></span> <span class='ocrx_word' id='word_1_91' title='bbox 742 1638 794 1699; x_wconf 86' lang='grc' dir='ltr'><strong><em>καὶ</em></strong></span> <span class='ocrx_word' id='word_1_92' title='bbox 825 1638 971 1718; x_wconf 82' lang='grc' dir='ltr'><strong><em>οίκετάιν,</em></strong></span> <span class='ocrx_word' id='word_1_93' title='bbox 1001 1633 1082 1710; x_wconf 77' lang='grc' dir='ltr'><strong><em>ὥςτε</em></strong></span> <span class='ocrx_word' id='word_1_94' title='bbox 1108 1634 1185 1710; x_wconf 81' lang='grc' dir='ltr'><strong><em>τοὺς</em></strong></span> <span class='ocrx_word' id='word_1_95' title='bbox 1210 1635 1371 1710; x_wconf 85' lang='grc' dir='ltr'><strong><em>δεσπότας</em></strong></span> <span class='ocrx_word' id='word_1_96' title='bbox 1394 1635 1417 1721; x_wconf 79' lang='grc' dir='ltr'><em>ἤ</em></span> <span class='ocrx_word' id='word_1_97' title='bbox 1439 1633 1520 1709; x_wconf 78' lang='grc' dir='ltr'><strong><em>τοὺς</em></strong></span> 
     </span>
     <span class='ocr_line' id='line_1_13' title="bbox 398 1741 1573 1828; baseline -0.003 -22"><span class='ocrx_word' id='word_1_98' title='bbox 398 1743 538 1828; x_wconf 89' lang='grc' dir='ltr'><strong><em>πατέρας</em></strong></span> <span class='ocrx_word' id='word_1_99' title='bbox 565 1743 656 1827; x_wconf 87' lang='grc' dir='ltr'><strong><em>μέχρι</em></strong></span> <span class='ocrx_word' id='word_1_100' title='bbox 686 1741 843 1828; x_wconf 79' lang='grc' dir='ltr'><strong><em>τοσαύτης</em></strong></span> <span class='ocrx_word' id='word_1_101' title='bbox 865 1741 1139 1817; x_wconf 83' lang='grc' dir='ltr'><strong><em>καταδικάζεσθαι</em></strong></span> <span class='ocrx_word' id='word_1_102' title='bbox 1161 1741 1350 1826; x_wconf 88' lang='grc' dir='ltr'><strong><em>ποσότητος.</em></strong></span> <span class='ocrx_word' id='word_1_103' title='bbox 1405 1747 1451 1809; x_wconf 88' lang='grc'><strong><em>11.</em></strong></span> <span class='ocrx_word' id='word_1_104' title='bbox 1477 1741 1522 1805; x_wconf 87' lang='grc' dir='ltr'>Ἡ</span> <span class='ocrx_word' id='word_1_105' title='bbox 1529 1755 1573 1804; x_wconf 92' lang='grc'><strong><em>11.</em></strong></span> 
     </span>
     <span class='ocr_line' id='line_1_14' title="bbox 399 1846 1521 1933; baseline 0 -21"><span class='ocrx_word' id='word_1_106' title='bbox 399 1849 437 1912; x_wconf 77' lang='grc' dir='ltr'><strong><em>δέ</em></strong></span> <span class='ocrx_word' id='word_1_107' title='bbox 461 1847 528 1912; x_wconf 87' lang='grc' dir='ltr'><strong><em>άπὸ</em></strong></span> <span class='ocrx_word' id='word_1_108' title='bbox 552 1851 611 1912; x_wconf 81' lang='grc' dir='ltr'><strong><em>τοῦ</em></strong></span> <span class='ocrx_word' id='word_1_109' title='bbox 635 1846 733 1930; x_wconf 83' lang='grc' dir='ltr'><strong><em>ὅρκου</em></strong></span> <span class='ocrx_word' id='word_1_110' title='bbox 756 1851 788 1913; x_wconf 92' lang='lat' dir='ltr'><strong><em>in</em></strong></span> <span class='ocrx_word' id='word_1_111' title='bbox 811 1850 928 1914; x_wconf 81' lang='lat' dir='ltr'><strong>factum</strong></span> <span class='ocrx_word' id='word_1_112' title='bbox 950 1847 1015 1932; x_wconf 88' lang='grc' dir='ltr'><strong><em>(δεῖ</em></strong></span> <span class='ocrx_word' id='word_1_113' title='bbox 1028 1847 1090 1933; x_wconf 88' lang='grc' dir='ltr'><strong><em>γάρ</em></strong></span> <span class='ocrx_word' id='word_1_114' title='bbox 1107 1848 1310 1933; x_wconf 84' lang='grc' dir='ltr'><strong><em>πλατύτερον</em></strong></span> <span class='ocrx_word' id='word_1_115' title='bbox 1325 1850 1399 1933; x_wconf 83' lang='grc' dir='ltr'><strong><em>περὶ</em></strong></span> <span class='ocrx_word' id='word_1_116' title='bbox 1415 1847 1521 1933; x_wconf 74' lang='grc' dir='ltr'><strong><em>αὐτῆς</em></strong></span> 
     </span>
     <span class='ocr_line' id='line_1_15' title="bbox 400 1953 1521 2042; baseline 0.001 -24"><span class='ocrx_word' id='word_1_117' title='bbox 400 1955 578 2041; x_wconf 77' lang='grc' dir='ltr'><strong><em>διαλαβεῖν)</em></strong></span> <span class='ocrx_word' id='word_1_118' title='bbox 595 1954 704 2042; x_wconf 82' lang='grc' dir='ltr'><strong><em>χώραν</em></strong></span> <span class='ocrx_word' id='word_1_119' title='bbox 726 1953 800 2034; x_wconf 83' lang='grc' dir='ltr'><strong><em>έχει,</em></strong></span> <span class='ocrx_word' id='word_1_120' title='bbox 822 1953 916 2018; x_wconf 87' lang='grc' dir='ltr'><strong><em>καθὰ</em></strong></span> <span class='ocrx_word' id='word_1_121' title='bbox 936 1958 1068 2040; x_wconf 78' lang='grc' dir='ltr'><strong><em>εἴρηται,</em></strong></span> <span class='ocrx_word' id='word_1_122' title='bbox 1091 1954 1182 2039; x_wconf 72' lang='grc' dir='ltr'><strong><em>ηνίκα</em></strong></span> <span class='ocrx_word' id='word_1_123' title='bbox 1198 1953 1277 2036; x_wconf 73' lang='grc' dir='ltr'><strong><em>ἐμοῦ</em></strong></span> <span class='ocrx_word' id='word_1_124' title='bbox 1293 1953 1498 2020; x_wconf 75' lang='grc' dir='ltr'><strong><em>άπαιτοῖιντό</em></strong></span> <span class='ocrx_word' id='word_1_125' title='bbox 1505 1979 1521 2029; x_wconf 91' lang='grc' dir='ltr'><strong><em>ς</em></strong></span> 
     </span>
     <span class='ocr_line' id='line_1_16' title="bbox 347 2059 1521 2148; baseline -0.005 -18"><span class='ocrx_word' id='word_1_126' title='bbox 347 2079 380 2130; x_wconf 83' lang='grc'><strong><em>15</em></strong></span> <span class='ocrx_word' id='word_1_127' title='bbox 400 2081 433 2125; x_wconf 94' lang='grc' dir='ltr'><strong><em>σε</em></strong></span> <span class='ocrx_word' id='word_1_128' title='bbox 448 2061 486 2125; x_wconf 87' lang='grc' dir='ltr'><strong><em>τὸ</em></strong></span> <span class='ocrx_word' id='word_1_129' title='bbox 504 2061 769 2144; x_wconf 79' lang='grc' dir='ltr'><strong><em>έποωειλόμενον,</em></strong></span> <span class='ocrx_word' id='word_1_130' title='bbox 789 2059 886 2145; x_wconf 78' lang='grc' dir='ltr'><strong><em>ὅρκου</em></strong></span> <span class='ocrx_word' id='word_1_131' title='bbox 902 2060 1103 2143; x_wconf 72' lang='grc' dir='ltr'><strong><em>ἐπαχθέντος</em></strong></span> <span class='ocrx_word' id='word_1_132' title='bbox 1118 2085 1192 2144; x_wconf 88' lang='grc' dir='ltr'><strong><em>μου,</em></strong></span> <span class='ocrx_word' id='word_1_133' title='bbox 1208 2061 1316 2144; x_wconf 90' lang='grc' dir='ltr'><strong><em>όμόσω</em></strong></span> <span class='ocrx_word' id='word_1_134' title='bbox 1333 2062 1521 2148; x_wconf 79' lang='grc' dir='ltr'><strong><em>ἐποφείλειν</em></strong></span> 
     </span>
     <span class='ocr_line' id='line_1_17' title="bbox 401 2165 1519 2253; baseline 0 -22"><span class='ocrx_word' id='word_1_135' title='bbox 401 2186 434 2232; x_wconf 90' lang='grc' dir='ltr'><strong><em>σε</em></strong></span> <span class='ocrx_word' id='word_1_136' title='bbox 456 2167 593 2253; x_wconf 85' lang='grc' dir='ltr'><strong><em>τοσήνδε</em></strong></span> <span class='ocrx_word' id='word_1_137' title='bbox 620 2167 785 2253; x_wconf 88' lang='grc' dir='ltr'><strong><em>ποσότητα</em></strong></span> <span class='ocrx_word' id='word_1_138' title='bbox 812 2165 930 2252; x_wconf 77' lang='grc' dir='ltr'><strong><em>ἦνκαὶ</em></strong></span> <span class='ocrx_word' id='word_1_139' title='bbox 957 2166 1099 2232; x_wconf 71' lang='grc' dir='ltr'><strong><em>άπαιτοό.</em></strong></span> <span class='ocrx_word' id='word_1_140' title='bbox 1146 2166 1205 2232; x_wconf 77' lang='grc' dir='ltr'><strong><em>ἐὰν</em></strong></span> <span class='ocrx_word' id='word_1_141' title='bbox 1235 2165 1299 2252; x_wconf 90' lang='grc' dir='ltr'><strong><em>γάρ</em></strong></span> <span class='ocrx_word' id='word_1_142' title='bbox 1326 2167 1449 2253; x_wconf 89' lang='grc' dir='ltr'><strong><em>ταύτην</em></strong></span> <span class='ocrx_word' id='word_1_143' title='bbox 1473 2166 1519 2252; x_wconf 84' lang='grc' dir='ltr'><strong><em>μὴ</em></strong></span> 
     </span>
     <span class='ocr_line' id='line_1_18' title="bbox 399 2272 1521 2363; baseline 0 -25"><span class='ocrx_word' id='word_1_144' title='bbox 399 2273 590 2363; x_wconf 76' lang='grc' dir='ltr'><strong><em>καταβάλῃς,</em></strong></span> <span class='ocrx_word' id='word_1_145' title='bbox 614 2273 897 2358; x_wconf 68' lang='grc' dir='ltr'><strong><em>παρασγωθησεταῖ</em></strong></span> <span class='ocrx_word' id='word_1_146' title='bbox 920 2297 976 2357; x_wconf 93' lang='grc' dir='ltr'><strong><em>μοι</em></strong></span> <span class='ocrx_word' id='word_1_147' title='bbox 995 2273 1014 2360; x_wconf 65' lang='grc' dir='ltr'><strong><em>η’</em></strong></span> <span class='ocrx_word' id='word_1_148' title='bbox 1037 2275 1069 2338; x_wconf 88' lang='lat' dir='ltr'><strong><em>in</em></strong></span> <span class='ocrx_word' id='word_1_149' title='bbox 1085 2276 1203 2339; x_wconf 76' lang='lat' dir='ltr'><strong>factum</strong></span> <span class='ocrx_word' id='word_1_150' title='bbox 1218 2272 1339 2359; x_wconf 77' lang='grc' dir='ltr'><strong><em>α’γωγι),</em></strong></span> <span class='ocrx_word' id='word_1_151' title='bbox 1361 2274 1404 2359; x_wconf 76' lang='grc' dir='ltr'><strong><em>ἢν</em></strong></span> <span class='ocrx_word' id='word_1_152' title='bbox 1419 2275 1521 2338; x_wconf 81' lang='grc' dir='ltr'><strong><em>κινῶν</em></strong></span> 
     </span>
     <span class='ocr_line' id='line_1_19' title="bbox 401 2378 1521 2467; baseline -0.001 -23"><span class='ocrx_word' id='word_1_153' title='bbox 401 2379 459 2444; x_wconf 81' lang='grc' dir='ltr'><strong><em>ούκ</em></strong></span> <span class='ocrx_word' id='word_1_154' title='bbox 487 2379 742 2466; x_wconf 60' lang='grc' dir='ltr'><strong><em>άναγκάζομαιθ)</em></strong></span> <span class='ocrx_word' id='word_1_155' title='bbox 774 2380 878 2456; x_wconf 82' lang='grc' dir='ltr'><strong><em>δεῖξαι</em></strong></span> <span class='ocrx_word' id='word_1_156' title='bbox 908 2378 1049 2467; x_wconf 86' lang='grc' dir='ltr'><strong><em>πότερον</em></strong></span> <span class='ocrx_word' id='word_1_157' title='bbox 1076 2379 1289 2465; x_wconf 82' lang='grc' dir='ltr'><strong><em>έποφείλομαί</em></strong></span> <span class='ocrx_word' id='word_1_158' title='bbox 1317 2379 1378 2463; x_wconf 66' lang='grc' dir='ltr'><strong><em>τά)</em></strong></span> <span class='ocrx_word' id='word_1_159' title='bbox 1408 2379 1430 2465; x_wconf 84' lang='grc' dir='ltr'><em>ἤ</em></span> <span class='ocrx_word' id='word_1_160' title='bbox 1457 2378 1521 2444; x_wconf 78' lang='grc' dir='ltr'><strong><em>οὐκ</em></strong></span> 
     </span>
     <span class='ocr_line' id='line_1_20' title="bbox 399 2482 1521 2574; baseline -0.002 -22"><span class='ocrx_word' id='word_1_161' title='bbox 399 2487 621 2573; x_wconf 79' lang='grc' dir='ltr'><strong><em>έποφείλομαι,</em></strong></span> <span class='ocrx_word' id='word_1_162' title='bbox 646 2485 730 2551; x_wconf 73' lang='grc' dir='ltr'><strong><em>άλλά</em></strong></span> <span class='ocrx_word' id='word_1_163' title='bbox 753 2497 852 2550; x_wconf 82' lang='grc' dir='ltr'><strong><em>τοῦτο</em></strong></span> <span class='ocrx_word' id='word_1_164' title='bbox 875 2485 980 2570; x_wconf 92' lang='grc' dir='ltr'><strong><em>μόνον</em></strong></span> <span class='ocrx_word' id='word_1_165' title='bbox 995 2485 1258 2567; x_wconf 73' lang='grc' dir='ltr'><strong><em>ἒπιδείξαντός-10)</em></strong></span> <span class='ocrx_word' id='word_1_166' title='bbox 1275 2489 1381 2573; x_wconf 81' lang='grc' dir='ltr'>μου11)</span> <span class='ocrx_word' id='word_1_167' title='bbox 1405 2482 1521 2574; x_wconf 79' lang='grc' dir='ltr'><strong><em>ὅτιπερ</em></strong></span> 
     </span>
     <span class='ocr_line' id='line_1_21' title="bbox 346 2591 1576 2679; baseline -0.005 -19"><span class='ocrx_word' id='word_1_168' title='bbox 346 2609 381 2661; x_wconf 84' lang='grc'><strong><em>20</em></strong></span> <span class='ocrx_word' id='word_1_169' title='bbox 399 2592 530 2678; x_wconf 77' lang='grc' dir='ltr'><strong><em>ὤμοσα,</em></strong></span> <span class='ocrx_word' id='word_1_170' title='bbox 565 2591 689 2678; x_wconf 89' lang='grc' dir='ltr'><strong><em>άνάγκη</em></strong></span> <span class='ocrx_word' id='word_1_171' title='bbox 714 2612 746 2657; x_wconf 91' lang='grc' dir='ltr'><strong><em>σε</em></strong></span> <span class='ocrx_word' id='word_1_172' title='bbox 773 2591 1065 2679; x_wconf 68' lang='grc' dir='ltr'><strong><em>καταδικασθῆναι.</em></strong></span> <span class='ocrx_word' id='word_1_173' title='bbox 1127 2597 1176 2660; x_wconf 81' lang='lat'><strong><em>12.</em></strong></span> <span class='ocrx_word' id='word_1_174' title='bbox 1198 2591 1369 2678; x_wconf 82' lang='grc' dir='ltr'><strong><em>Ἐπενόησε</em></strong></span> <span class='ocrx_word' id='word_1_175' title='bbox 1394 2593 1431 2656; x_wconf 79' lang='grc' dir='ltr'><strong><em>δὲ</em></strong></span> <span class='ocrx_word' id='word_1_176' title='bbox 1465 2595 1524 2656; x_wconf 89' lang='grc' dir='ltr'><strong><em>καὶ</em></strong></span> <span class='ocrx_word' id='word_1_177' title='bbox 1535 2604 1576 2655; x_wconf 82' lang='lat'><strong><em>12.</em></strong></span> 
     </span>
     <span class='ocr_line' id='line_1_22' title="bbox 399 2697 1525 2786; baseline -0.001 -20"><span class='ocrx_word' id='word_1_178' title='bbox 399 2701 610 2786; x_wconf 72' lang='grc' dir='ltr'>ροοηο11ο111)</span> <span class='ocrx_word' id='word_1_179' title='bbox 643 2699 771 2784; x_wconf 84' lang='grc' dir='ltr'><strong><em>άγωγὰς</em></strong></span> <span class='ocrx_word' id='word_1_180' title='bbox 806 2698 827 2764; x_wconf 86' lang='grc' dir='ltr'><strong><em>ό</em></strong></span> <span class='ocrx_word' id='word_1_181' title='bbox 860 2706 1002 2783; x_wconf 72' lang='grc' dir='ltr'><strong><em>ρτοόίωτ.</em></strong></span> <span class='ocrx_word' id='word_1_182' title='bbox 1064 2699 1135 2764; x_wconf 84' lang='grc' dir='ltr'><strong><em>οίον</em></strong></span> <span class='ocrx_word' id='word_1_183' title='bbox 1165 2697 1301 2785; x_wconf 81' lang='grc' dir='ltr'><strong><em>ἥδικτον</em></strong></span> <span class='ocrx_word' id='word_1_184' title='bbox 1332 2699 1351 2764; x_wconf 84' lang='grc' dir='ltr'>ὁ</span> <span class='ocrx_word' id='word_1_185' title='bbox 1383 2706 1525 2784; x_wconf 76' lang='grc' dir='ltr'><strong><em>ρτοέῖωτ</em></strong></span> 
     </span>
     <span class='ocr_line' id='line_1_23' title="bbox 399 2803 1522 2894; baseline 0 -24"><span class='ocrx_word' id='word_1_186' title='bbox 399 2806 644 2894; x_wconf 86' lang='grc' dir='ltr'><strong><em>προςτέθεικεν,</em></strong></span> <span class='ocrx_word' id='word_1_187' title='bbox 684 2804 790 2870; x_wconf 77' lang='grc' dir='ltr'><strong><em>ἐλθών</em></strong></span> <span class='ocrx_word' id='word_1_188' title='bbox 825 2806 864 2869; x_wconf 90' lang='grc' dir='ltr'><strong><em>δέ</em></strong></span> <span class='ocrx_word' id='word_1_189' title='bbox 893 2831 941 2880; x_wconf 90' lang='grc' dir='ltr'><strong><em>τις</em></strong></span> <span class='ocrx_word' id='word_1_190' title='bbox 975 2807 1071 2871; x_wconf 76' lang='grc' dir='ltr'><strong><em>τοῦτο</em></strong></span> <span class='ocrx_word' id='word_1_191' title='bbox 1108 2806 1271 2892; x_wconf 82' lang='grc' dir='ltr'><strong><em>διέρρηξεν</em></strong></span> <span class='ocrx_word' id='word_1_192' title='bbox 1305 2803 1377 2892; x_wconf 83' lang='grc' dir='ltr'><strong><em>ἠ’τοι</em></strong></span> <span class='ocrx_word' id='word_1_193' title='bbox 1411 2805 1522 2891; x_wconf 85' lang='grc' dir='ltr'><strong><em>άφήρ-</em></strong></span> 
     </span>
     <span class='ocr_line' id='line_1_24' title="bbox 400 2910 1524 2998; baseline 0.002 -22"><span class='ocrx_word' id='word_1_194' title='bbox 400 2931 514 2976; x_wconf 88' lang='grc' dir='ltr'><strong><em>πασεν.</em></strong></span> <span class='ocrx_word' id='word_1_195' title='bbox 560 2911 627 2976; x_wconf 81' lang='grc' dir='ltr'><strong><em>έστι</em></strong></span> <span class='ocrx_word' id='word_1_196' title='bbox 648 2915 720 2976; x_wconf 80' lang='grc' dir='ltr'><strong><em>κατ’</em></strong></span> <span class='ocrx_word' id='word_1_197' title='bbox 742 2911 843 2976; x_wconf 79' lang='grc' dir='ltr'><strong><em>αὐτοῦ</em></strong></span> <span class='ocrx_word' id='word_1_198' title='bbox 866 2912 889 2997; x_wconf 80' lang='grc' dir='ltr'><em>ἡ</em></span> <span class='ocrx_word' id='word_1_199' title='bbox 896 2914 933 2995; x_wconf 85' lang='lat'><strong><em>¹³)</em></strong></span> <span class='ocrx_word' id='word_1_200' title='bbox 956 2914 989 2976; x_wconf 86' lang='lat' dir='ltr'><strong><em>in</em></strong></span> <span class='ocrx_word' id='word_1_201' title='bbox 1012 2914 1128 2978; x_wconf 75' lang='lat' dir='ltr'><strong>factum</strong></span> <span class='ocrx_word' id='word_1_202' title='bbox 1149 2910 1259 2998; x_wconf 80' lang='grc' dir='ltr'><strong><em>άγωγι)</em></strong></span> <span class='ocrx_word' id='word_1_203' title='bbox 1281 2914 1347 2977; x_wconf 84' lang='lat' dir='ltr'>albi</span> <span class='ocrx_word' id='word_1_204' title='bbox 1368 2915 1524 2996; x_wconf 77' lang='lat' dir='ltr'>corrupti,</span> 
     </span>
     <span class='ocr_line' id='line_1_25' title="bbox 399 3017 1524 3106; baseline 0 -24"><span class='ocrx_word' id='word_1_205' title='bbox 399 3023 564 3083; x_wconf 82' lang='grc' dir='ltr'><strong><em>τουτέστιν</em></strong></span> <span class='ocrx_word' id='word_1_206' title='bbox 586 3023 677 3083; x_wconf 78' lang='grc' dir='ltr'><strong><em>ἕνεκα</em></strong></span> <span class='ocrx_word' id='word_1_207' title='bbox 700 3017 1271 3106; x_wconf 67' lang='grc' dir='ltr'><strong><em>τοῦὲι]1)1111)τοῦ15)διαρραγέντος.</em></strong></span> <span class='ocrx_word' id='word_1_208' title='bbox 1307 3020 1465 3104; x_wconf 69' lang='grc'>[1111101111)</span> <span class='ocrx_word' id='word_1_209' title='bbox 1485 3019 1524 3082; x_wconf 79' lang='grc' dir='ltr'><strong><em>δὲ</em></strong></span> 
     </span>
     <span class='ocr_line' id='line_1_26' title="bbox 345 3123 1523 3212; baseline -0.003 -20"><span class='ocrx_word' id='word_1_210' title='bbox 345 3141 381 3192; x_wconf 77' lang='grc'><strong><em>25</em></strong></span> <span class='ocrx_word' id='word_1_211' title='bbox 400 3125 524 3204; x_wconf 84' lang='grc' dir='ltr'><strong><em>λέγεται</em></strong></span> <span class='ocrx_word' id='word_1_212' title='bbox 553 3123 590 3189; x_wconf 88' lang='grc' dir='ltr'><strong><em>τό</em></strong></span> <span class='ocrx_word' id='word_1_213' title='bbox 623 3123 759 3210; x_wconf 82' lang='grc' dir='ltr'><strong><em>ἥδικτον</em></strong></span> <span class='ocrx_word' id='word_1_214' title='bbox 789 3124 844 3189; x_wconf 85' lang='grc' dir='ltr'><strong><em>διά</em></strong></span> <span class='ocrx_word' id='word_1_215' title='bbox 872 3123 910 3189; x_wconf 89' lang='grc' dir='ltr'><strong><em>τδ</em></strong></span> <span class='ocrx_word' id='word_1_216' title='bbox 939 3129 1062 3200; x_wconf 85' lang='grc' dir='ltr'><strong><em>λευκοῖς</em></strong></span> <span class='ocrx_word' id='word_1_217' title='bbox 1089 3125 1278 3212; x_wconf 82' lang='grc' dir='ltr'><strong><em>γεγράφθαι</em></strong></span> <span class='ocrx_word' id='word_1_218' title='bbox 1305 3125 1523 3212; x_wconf 85' lang='grc' dir='ltr'><strong><em>γράμμασιν].</em></strong></span> 
     </span>
     <span class='ocr_line' id='line_1_27' title="bbox 404 3230 1602 3318; baseline -0.005 -20"><span class='ocrx_word' id='word_1_219' title='bbox 404 3236 478 3298; x_wconf 81' lang='lat' dir='ltr'><strong>12a.</strong></span> <span class='ocrx_word' id='word_1_220' title='bbox 502 3230 613 3316; x_wconf 83' lang='grc' dir='ltr'><strong><em>Πολλὴ</em></strong></span> <span class='ocrx_word' id='word_1_221' title='bbox 630 3244 698 3306; x_wconf 92' lang='grc' dir='ltr'><strong><em>τοῖς</em></strong></span> <span class='ocrx_word' id='word_1_222' title='bbox 713 3234 875 3318; x_wconf 86' lang='grc' dir='ltr'><strong><em>πατράσιν</em></strong></span> <span class='ocrx_word' id='word_1_223' title='bbox 897 3230 943 3296; x_wconf 84' lang='grc' dir='ltr'><strong><em>έτι</em></strong></span> <span class='ocrx_word' id='word_1_224' title='bbox 959 3232 996 3295; x_wconf 82' lang='grc' dir='ltr'><strong><em>δέ</em></strong></span> <span class='ocrx_word' id='word_1_225' title='bbox 1011 3233 1065 3294; x_wconf 82' lang='grc' dir='ltr'><strong><em>καὶ</em></strong></span> <span class='ocrx_word' id='word_1_226' title='bbox 1080 3244 1148 3306; x_wconf 89' lang='grc' dir='ltr'><strong><em>τοῖς</em></strong></span> <span class='ocrx_word' id='word_1_227' title='bbox 1163 3231 1324 3316; x_wconf 90' lang='grc' dir='ltr'><strong><em>πάτροσιν</em></strong></span> <span class='ocrx_word' id='word_1_228' title='bbox 1333 3233 1369 3313; x_wconf 77' lang='grc'><strong><em>11)</em></strong></span> <span class='ocrx_word' id='word_1_229' title='bbox 1387 3231 1521 3313; x_wconf 84' lang='grc' dir='ltr'><strong><em>έποφεὶ-</em></strong></span> <span class='ocrx_word' id='word_1_230' title='bbox 1540 3243 1602 3293; x_wconf 69' lang='lat'><strong><em>122.</em></strong></span> 
     </span>
     <span class='ocr_line' id='line_1_28' title="bbox 400 3335 1523 3424; baseline 0 -22"><span class='ocrx_word' id='word_1_231' title='bbox 400 3342 487 3402; x_wconf 88' lang='grc' dir='ltr'><strong><em>λεται</em></strong></span> <span class='ocrx_word' id='word_1_232' title='bbox 514 3336 588 3424; x_wconf 79' lang='grc' dir='ltr'><strong><em>τιμὴ</em></strong></span> <span class='ocrx_word' id='word_1_233' title='bbox 612 3335 701 3422; x_wconf 90' lang='grc' dir='ltr'><strong><em>παρά</em></strong></span> <span class='ocrx_word' id='word_1_234' title='bbox 726 3340 794 3401; x_wconf 79' lang='grc' dir='ltr'><strong><em>τῶν</em></strong></span> <span class='ocrx_word' id='word_1_235' title='bbox 816 3338 948 3402; x_wconf 85' lang='grc' dir='ltr'><strong><em>παίδων</em></strong></span> <span class='ocrx_word' id='word_1_236' title='bbox 971 3339 1115 3403; x_wconf 80' lang='grc' dir='ltr'><strong><em>καὶτῶν</em></strong></span> <span class='ocrx_word' id='word_1_237' title='bbox 1138 3336 1375 3423; x_wconf 86' lang='grc' dir='ltr'><strong><em>άπελευθέρων.</em></strong></span> <span class='ocrx_word' id='word_1_238' title='bbox 1422 3338 1523 3422; x_wconf 83' lang='grc' dir='ltr'><strong><em>μέρος</em></strong></span> 
     </span>
     <span class='ocr_line' id='line_1_29' title="bbox 401 3441 1525 3529; baseline 0.002 -23"><span class='ocrx_word' id='word_1_239' title='bbox 401 3443 438 3506; x_wconf 79' lang='grc' dir='ltr'><strong><em>δέ</em></strong></span> <span class='ocrx_word' id='word_1_240' title='bbox 460 3453 517 3529; x_wconf 80' lang='grc' dir='ltr'><strong><em>τῆς</em></strong></span> <span class='ocrx_word' id='word_1_241' title='bbox 540 3446 633 3528; x_wconf 81' lang='grc' dir='ltr'><strong><em>τιμῆς</em></strong></span> <span class='ocrx_word' id='word_1_242' title='bbox 656 3443 723 3508; x_wconf 80' lang='grc' dir='ltr'><strong><em>ἐστι</em></strong></span> <span class='ocrx_word' id='word_1_243' title='bbox 745 3445 931 3520; x_wconf 80' lang='grc' dir='ltr'><strong><em>καὶτοῦτο,</em></strong></span> <span class='ocrx_word' id='word_1_244' title='bbox 954 3442 992 3509; x_wconf 86' lang='grc' dir='ltr'><strong><em>τὸ</em></strong></span> <span class='ocrx_word' id='word_1_245' title='bbox 1014 3441 1057 3529; x_wconf 81' lang='grc' dir='ltr'><strong><em>μὴ</em></strong></span> <span class='ocrx_word' id='word_1_246' title='bbox 1075 3443 1241 3508; x_wconf 85' lang='grc' dir='ltr'><strong><em>δύνασθαι</em></strong></span> <span class='ocrx_word' id='word_1_247' title='bbox 1257 3448 1367 3509; x_wconf 87' lang='grc' dir='ltr'><strong><em>καλεῖν</em></strong></span> <span class='ocrx_word' id='word_1_248' title='bbox 1383 3442 1525 3518; x_wconf 81' lang='grc' dir='ltr'><strong><em>τούτους</em></strong></span> 
     </span>
     <span class='ocr_line' id='line_1_30' title="bbox 400 3548 1521 3636; baseline 0.001 -23"><span class='ocrx_word' id='word_1_249' title='bbox 400 3553 444 3624; x_wconf 84' lang='grc' dir='ltr'><strong><em>είς</em></strong></span> <span class='ocrx_word' id='word_1_250' title='bbox 459 3548 495 3615; x_wconf 87' lang='grc' dir='ltr'><strong><em>τὸ</em></strong></span> <span class='ocrx_word' id='word_1_251' title='bbox 520 3549 727 3636; x_wconf 82' lang='grc' dir='ltr'><strong><em>δικαστήριον</em></strong></span> <span class='ocrx_word' id='word_1_252' title='bbox 751 3550 828 3630; x_wconf 87' lang='grc' dir='ltr'><strong><em>δίχα</em></strong></span> <span class='ocrx_word' id='word_1_253' title='bbox 844 3548 996 3634; x_wconf 75' lang='grc' dir='ltr'><strong><em>αἰτήσεως</em></strong></span> <span class='ocrx_word' id='word_1_254' title='bbox 1013 3549 1206 3635; x_wconf 82' lang='grc' dir='ltr'><strong><em>συγγνώμης.</em></strong></span> <span class='ocrx_word' id='word_1_255' title='bbox 1244 3549 1382 3615; x_wconf 75' lang='grc' dir='ltr'><strong><em>ὑπόθου</em></strong></span> <span class='ocrx_word' id='word_1_256' title='bbox 1403 3550 1441 3614; x_wconf 83' lang='grc' dir='ltr'><strong><em>δὲ</em></strong></span> <span class='ocrx_word' id='word_1_257' title='bbox 1455 3548 1521 3614; x_wconf 88' lang='grc' dir='ltr'><strong><em>τὸν</em></strong></span> 
     </span>
    </p>
   </div>
   <div class='ocr_carea' id='block_1_3' title="bbox 400 3726 1525 4242">
    <p class='ocr_par' dir='ltr' id='par_1_3' title="bbox 400 3726 1525 4242">
     <span class='ocr_line' id='line_1_31' title="bbox 491 3726 1524 3797; baseline -0.001 -18"><span class='ocrx_word' id='word_1_258' title='bbox 491 3728 511 3797; x_wconf 90' lang='grc'><strong><em>1)</em></strong></span> <span class='ocrx_word' id='word_1_259' title='bbox 533 3727 558 3781; x_wconf 92' lang='lat' dir='ltr'><strong><em>d.</em></strong></span> <span class='ocrx_word' id='word_1_260' title='bbox 577 3728 621 3780; x_wconf 93' lang='lat' dir='ltr'><strong><em>Vi.</em></strong></span> <span class='ocrx_word' id='word_1_261' title='bbox 642 3729 674 3781; x_wconf 87' lang='lat' dir='ltr'><strong><em>R.</em></strong></span> <span class='ocrx_word' id='word_1_262' title='bbox 783 3727 996 3795; x_wconf 69' lang='grc' dir='ltr'><strong><em>2)-110111Ιι11.</em></strong></span> <span class='ocrx_word' id='word_1_263' title='bbox 1105 3728 1127 3781; x_wconf 82' lang='grc'><strong><em>3)</em></strong></span> <span class='ocrx_word' id='word_1_264' title='bbox 1147 3726 1172 3780; x_wconf 89' lang='lat' dir='ltr'><strong><em>d.</em></strong></span> <span class='ocrx_word' id='word_1_265' title='bbox 1192 3729 1235 3784; x_wconf 79' lang='lat' dir='ltr'><strong><em>Ll.</em></strong></span> <span class='ocrx_word' id='word_1_266' title='bbox 1327 3727 1349 3788; x_wconf 76' lang='grc'><strong><em>1)</em></strong></span> <span class='ocrx_word' id='word_1_267' title='bbox 1370 3726 1411 3779; x_wconf 81' lang='lat' dir='ltr'><strong><em>ad.</em></strong></span> <span class='ocrx_word' id='word_1_268' title='bbox 1433 3742 1465 3780; x_wconf 80' lang='lat' dir='ltr'><strong><em>ex</em></strong></span> <span class='ocrx_word' id='word_1_269' title='bbox 1486 3727 1524 3779; x_wconf 82' lang='lat' dir='ltr'><strong><em>M.</em></strong></span> 
     </span>
     <span class='ocr_line' id='line_1_32' title="bbox 400 3814 1525 3885; baseline -0.001 -15"><span class='ocrx_word' id='word_1_270' title='bbox 400 3817 423 3883; x_wconf 76' lang='grc'><strong><em>5)</em></strong></span> <span class='ocrx_word' id='word_1_271' title='bbox 442 3820 490 3870; x_wconf 80' lang='grc' dir='ltr'><strong><em>τοῦ</em></strong></span> <span class='ocrx_word' id='word_1_272' title='bbox 507 3817 557 3868; x_wconf 58' lang='lat' dir='ltr'><strong><em>ins</em></strong></span> <span class='ocrx_word' id='word_1_273' title='bbox 577 3816 685 3870; x_wconf 84' lang='lat' dir='ltr'><strong>Vi.F1.</strong></span> <span class='ocrx_word' id='word_1_274' title='bbox 704 3817 736 3869; x_wconf 90' lang='lat' dir='ltr'><strong><em>R.</em></strong></span> <span class='ocrx_word' id='word_1_275' title='bbox 820 3815 841 3882; x_wconf 75' lang='grc'><strong><em>6)</em></strong></span> <span class='ocrx_word' id='word_1_276' title='bbox 860 3816 886 3870; x_wconf 82' lang='grc' dir='ltr'><strong><em>οἱ</em></strong></span> <span class='ocrx_word' id='word_1_277' title='bbox 906 3818 984 3870; x_wconf 85' lang='grc' dir='ltr'><strong><em>δεσπ.</em></strong></span> <span class='ocrx_word' id='word_1_278' title='bbox 1005 3814 1019 3883; x_wconf 79' lang='grc' dir='ltr'><em>ἢ</em></span> <span class='ocrx_word' id='word_1_279' title='bbox 1038 3837 1102 3870; x_wconf 90' lang='grc' dir='ltr'><strong><em>πατ.</em></strong></span> <span class='ocrx_word' id='word_1_280' title='bbox 1122 3816 1165 3869; x_wconf 87' lang='lat' dir='ltr'><strong><em>Vi.</em></strong></span> <span class='ocrx_word' id='word_1_281' title='bbox 1185 3817 1218 3869; x_wconf 91' lang='lat' dir='ltr'><strong><em>R.</em></strong></span> <span class='ocrx_word' id='word_1_282' title='bbox 1302 3816 1323 3885; x_wconf 79' lang='grc'><strong><em>7)</em></strong></span> <span class='ocrx_word' id='word_1_283' title='bbox 1345 3821 1471 3879; x_wconf 83' lang='grc' dir='ltr'><strong><em>-ζονται</em></strong></span> <span class='ocrx_word' id='word_1_284' title='bbox 1492 3815 1525 3868; x_wconf 86' lang='lat' dir='ltr'><strong><em>F.</em></strong></span> 
     </span>
     <span class='ocr_line' id='line_1_33' title="bbox 400 3902 1524 3974; baseline -0.004 -14"><span class='ocrx_word' id='word_1_285' title='bbox 400 3905 422 3974; x_wconf 84' lang='grc'><strong><em>8)</em></strong></span> <span class='ocrx_word' id='word_1_286' title='bbox 442 3903 473 3960; x_wconf 80' lang='grc' dir='ltr'><strong><em>οὐ</em></strong></span> <span class='ocrx_word' id='word_1_287' title='bbox 493 3927 588 3960; x_wconf 88' lang='grc' dir='ltr'><strong><em>καταν.</em></strong></span> <span class='ocrx_word' id='word_1_288' title='bbox 607 3906 650 3958; x_wconf 77' lang='lat' dir='ltr'><strong><em>L2.</em></strong></span> <span class='ocrx_word' id='word_1_289' title='bbox 763 3903 785 3973; x_wconf 71' lang='lat'><strong><em>9)</em></strong></span> <span class='ocrx_word' id='word_1_290' title='bbox 807 3904 833 3957; x_wconf 84' lang='lat' dir='ltr'><strong><em>d.</em></strong></span> <span class='ocrx_word' id='word_1_291' title='bbox 852 3904 881 3956; x_wconf 87' lang='lat' dir='ltr'><strong><em>F.</em></strong></span> <span class='ocrx_word' id='word_1_292' title='bbox 996 3903 1030 3970; x_wconf 83' lang='lat'><strong><em>¹⁰)</em></strong></span> <span class='ocrx_word' id='word_1_293' title='bbox 1050 3902 1131 3959; x_wconf 87' lang='grc' dir='ltr'><strong><em>άποδ.</em></strong></span> <span class='ocrx_word' id='word_1_294' title='bbox 1151 3904 1198 3958; x_wconf 87' lang='lat' dir='ltr'><strong><em>Vi.</em></strong></span> <span class='ocrx_word' id='word_1_295' title='bbox 1216 3905 1249 3957; x_wconf 88' lang='lat' dir='ltr'><strong><em>R.</em></strong></span> <span class='ocrx_word' id='word_1_296' title='bbox 1365 3904 1400 3972; x_wconf 88' lang='grc'><strong><em>11)</em></strong></span> <span class='ocrx_word' id='word_1_297' title='bbox 1419 3903 1448 3958; x_wconf 86' lang='grc' dir='ltr'><strong><em>τδ</em></strong></span> <span class='ocrx_word' id='word_1_298' title='bbox 1466 3904 1524 3957; x_wconf 86' lang='lat' dir='ltr'><strong>ins.</strong></span> 
     </span>
     <span class='ocr_line' id='line_1_34' title="bbox 400 3991 1524 4064; baseline -0.002 -18"><span class='ocrx_word' id='word_1_299' title='bbox 400 3993 445 4046; x_wconf 88' lang='lat' dir='ltr'><strong><em>Vi.</em></strong></span> <span class='ocrx_word' id='word_1_300' title='bbox 464 3994 497 4046; x_wconf 88' lang='lat' dir='ltr'><strong><em>R.</em></strong></span> <span class='ocrx_word' id='word_1_301' title='bbox 634 3993 667 4061; x_wconf 83' lang='grc'><strong><em>12)</em></strong></span> <span class='ocrx_word' id='word_1_302' title='bbox 687 3993 762 4046; x_wconf 80' lang='lat' dir='ltr'>-los</span> <span class='ocrx_word' id='word_1_303' title='bbox 781 3994 827 4046; x_wconf 89' lang='lat' dir='ltr'><strong><em>R.:</em></strong></span> <span class='ocrx_word' id='word_1_304' title='bbox 848 3991 905 4060; x_wconf 71' lang='grc' dir='ltr'><strong><em>η’τοι</em></strong></span> <span class='ocrx_word' id='word_1_305' title='bbox 924 3991 1105 4064; x_wconf 83' lang='grc' dir='ltr'><strong><em>τιμωρητικός</em></strong></span> <span class='ocrx_word' id='word_1_306' title='bbox 1123 3992 1166 4046; x_wconf 85' lang='lat' dir='ltr'><strong><em>ad.</em></strong></span> <span class='ocrx_word' id='word_1_307' title='bbox 1185 3992 1228 4046; x_wconf 83' lang='lat' dir='ltr'><strong><em>L2.</em></strong></span> <span class='ocrx_word' id='word_1_308' title='bbox 1375 3993 1409 4060; x_wconf 80' lang='grc'><strong><em>13)</em></strong></span> <span class='ocrx_word' id='word_1_309' title='bbox 1429 3991 1454 4044; x_wconf 85' lang='lat' dir='ltr'><strong><em>d.</em></strong></span> <span class='ocrx_word' id='word_1_310' title='bbox 1473 3991 1524 4044; x_wconf 86' lang='lat' dir='ltr'><strong><em>Vi.</em></strong></span> 
     </span>
     <span class='ocr_line' id='line_1_35' title="bbox 401 4080 1523 4153; baseline 0 -19"><span class='ocrx_word' id='word_1_311' title='bbox 401 4081 436 4150; x_wconf 82' lang='lat'><strong><em>14)</em></strong></span> <span class='ocrx_word' id='word_1_312' title='bbox 457 4097 508 4136; x_wconf 76' lang='lat' dir='ltr'><strong>ser.</strong></span> <span class='ocrx_word' id='word_1_313' title='bbox 528 4081 562 4136; x_wconf 86' lang='lat' dir='ltr'><strong><em>M.</em></strong></span> <span class='ocrx_word' id='word_1_314' title='bbox 654 4081 688 4148; x_wconf 81' lang='lat'><strong><em>1⁵)</em></strong></span> <span class='ocrx_word' id='word_1_315' title='bbox 709 4085 732 4136; x_wconf 84' lang='grc' dir='ltr'><strong><em>δ.</em></strong></span> <span class='ocrx_word' id='word_1_316' title='bbox 752 4081 795 4134; x_wconf 94' lang='lat' dir='ltr'><strong><em>Vi.</em></strong></span> <span class='ocrx_word' id='word_1_317' title='bbox 815 4081 847 4134; x_wconf 92' lang='lat' dir='ltr'><strong><em>R.</em></strong></span> <span class='ocrx_word' id='word_1_318' title='bbox 941 4081 974 4150; x_wconf 73' lang='grc'><strong><em>11)</em></strong></span> <span class='ocrx_word' id='word_1_319' title='bbox 995 4081 1077 4134; x_wconf 55' lang='lat' dir='ltr'>albon</span> <span class='ocrx_word' id='word_1_320' title='bbox 1096 4080 1295 4153; x_wconf 83' lang='grc' dir='ltr'><strong><em>-γράμμασιν</em></strong></span> <span class='ocrx_word' id='word_1_321' title='bbox 1313 4082 1454 4149; x_wconf 74' lang='lat' dir='ltr'><strong>glossema</strong></span> <span class='ocrx_word' id='word_1_322' title='bbox 1466 4087 1523 4134; x_wconf 80' lang='lat' dir='ltr'><strong>est.</strong></span> 
     </span>
     <span class='ocr_line' id='line_1_36' title="bbox 402 4169 1181 4242; baseline 0 -18"><span class='ocrx_word' id='word_1_323' title='bbox 402 4169 436 4238; x_wconf 84' lang='lat'><strong><em>17)</em></strong></span> <span class='ocrx_word' id='word_1_324' title='bbox 456 4169 596 4242; x_wconf 88' lang='grc' dir='ltr'><strong><em>πάτρωσιν</em></strong></span> <span class='ocrx_word' id='word_1_325' title='bbox 616 4171 656 4225; x_wconf 76' lang='grc' dir='ltr'><strong><em>ἔτι</em></strong></span> <span class='ocrx_word' id='word_1_326' title='bbox 675 4172 706 4224; x_wconf 84' lang='grc' dir='ltr'><strong><em>δὲ</em></strong></span> <span class='ocrx_word' id='word_1_327' title='bbox 725 4192 748 4224; x_wconf 94' lang='grc' dir='ltr'><strong><em>κ.</em></strong></span> <span class='ocrx_word' id='word_1_328' title='bbox 768 4193 790 4224; x_wconf 90' lang='grc' dir='ltr'><strong><em>τ.</em></strong></span> <span class='ocrx_word' id='word_1_329' title='bbox 811 4173 931 4224; x_wconf 85' lang='grc' dir='ltr'><strong><em>π-άσιν</em></strong></span> <span class='ocrx_word' id='word_1_330' title='bbox 950 4185 1021 4223; x_wconf 85' lang='lat' dir='ltr'><strong>omn.</strong></span> <span class='ocrx_word' id='word_1_331' title='bbox 1040 4173 1126 4236; x_wconf 78' lang='lat' dir='ltr'><strong>praet.</strong></span> <span class='ocrx_word' id='word_1_332' title='bbox 1147 4170 1181 4224; x_wconf 88' lang='lat' dir='ltr'><strong><em>M.</em></strong></span> 
     </span>
    </p>
   </div>
   <div class='ocr_carea' id='block_1_4' title="bbox 0 0 1669 5318">
    <p class='ocr_par' dir='ltr' id='par_1_4' title="bbox 0 0 1669 5318">
     <span class='ocr_line' id='line_1_37' title="bbox 0 0 1669 5318; baseline 0 0"><span class='ocrx_word' id='word_1_333' title='bbox 0 0 1669 5318; x_wconf 95' lang='lat' dir='ltr'><strong><em> </em></strong></span> 
     </span>
    </p>
   </div>
  </div>
 </body>
</html>
