3328 5318
839 433 879 440 —
927 400 992 461 454
1039 433 1079 443 —-

347 564 355 578 ’
404 569 450 654 ό1)
475 568 641 652 ἀλλότριος
665 574 786 656 οἰκέτης
808 572 911 660 κλέψη
934 571 976 636 τά
1000 572 1040 636 σά
1063 572 1257 657 πράγματα,
1286 572 1326 662 ὡς
1356 569 1519 654 τεγθηναί

404 696 452 741 σοι
476 675 627 740 ἐντεῦθεν
650 676 707 763 την
730 679 804 742 furti
827 681 880 741 καὶ
897 676 1028 763 οότωςί)
1052 678 1131 762 μετά
1156 689 1257 744 ταῦτα
1281 677 1349 744 ὑπό
1374 677 1433 764 την
1458 675 1519 762 σην

403 786 560 868 γένηται3)
590 784 798 860 δεσποτείαν,
826 783 1066 866 ἀποσβέννυται
1092 785 1111 872 ἦ
1139 783 1197 872 ἰ’γδη
1225 785 1413 867 τεχθετσα1)
1441 785 1517 848 furti

402 887 513 974 ἀγωγι)
539 887 593 952 διά
619 888 675 954 τὸν
698 889 819 955 κανόνα
842 889 900 956 τόν
922 891 1069 975 λέγοντα·
1093 892 1205 980 ἡνίκα
1235 897 1337 975 θέμα
1360 895 1413 965 εἰς
1436 914 1516 954 τοι-

368 994 518 1062 οοῦτον
541 997 742 1081 περισταίη
765 995 897 1072 κόσου,
920 997 984 1079 ἀφ’
1006 995 1049 1064 οὗ
1072 997 1138 1084 τὴν
1159 998 1281 1084 ἀρχήν
1301 995 1517 1081 λαμβάνειν

404 1101 468 1166 οόκ
492 1101 659 1188 ἠδύνατο
683 1102 975 1186 ἀποσβέννυται.
1009 1108 1037 1169 εἰ
1060 1105 1097 1169 δὲ
1119 1105 1213 1189 ἡνίκα
1234 1103 1367 1188 έκλεψεν
1390 1102 1429 1189 ἦν
1448 1101 1514 1166 εἰπό

402 1207 462 1294 τὴν
486 1207 545 1294 σην
573 1209 781 1286 δεσποτείαν,
809 1209 948 1297 έπειδὴὗ)
977 1210 1036 1277 οόκ
1063 1211 1200 1276 έτίκτετό
1229 1232 1280 1276 σοι
1309 1209 1430 1295 ἀγωγή,
1459 1207 1516 1273 διὰ

402 1318 499 1379 τοῦτο
536 1318 593 1381 σοῦ
627 1314 850 1391 δεσπόσαντος
882 1316 984 1382 αιίτου
1014 1317 1032 1404 ἡ
1059 1317 1123 1403 ἤδη
1150 1324 1305 1399 ταχθεῖσα
1334 1315 1518 1401 ἀναιρεῖται

402 1420 522 1506 ἀγωγή.
562 1421 647 1486 οὕτω
665 1423 701 1486 δὲ
720 1422 956 1505 ἀποσβέννυται
973 1434 1031 1490 σοῦ
1046 1424 1269 1499 δεσπόσαντος
1277 1426 1302 1509 1)
1315 1424 1395 1506 μετὰ
1413 1433 1517 1486 ταῦτα

351 1544 384 1594 10
402 1531 461 1593 του
483 1529 618 1604 οἰκέτου,
645 1526 696 1592 ότι
718 1533 746 1592 εἰ
768 1533 821 1593 καί
844 1529 902 1616 τη“ν
926 1529 982 1616 σὴν
1004 1530 1257 1616 ιίπεξουσιότητα
1275 1531 1451 1616 azimam,
1477 1528 1518 1592 οά

404 1633 524 1723 δυνήσῃ
539 1637 665 1720 κινῆσαί
682 1636 784 1717 τιναῦ)
807 1635 941 1722 ἀγωγήν
958 1641 1040 1719 (πῶς
1057 1637 1118 1724 γάρ
1135 1636 1192 1724 την
1207 1637 1268 1723 ἤδη
1285 1642 1515 1720 σβεσθείσανς).

402 1746 497 1806 εἶπον
513 1739 574 1826 γάρ
590 1740 655 1827 ἤδη
669 1742 835 1818 πολλάκις,
858 1742 937 1826 ὅτι1)
956 1744 1114 1829 δεσπότης
1129 1742 1210 1807 κατά
1220 1745 1255 1828 10)
1273 1744 1397 1808 οἰκέτου
1422 1741 1512 1808 οὐδε-

402 1850 479 1931 μίαν
494 1850 609 1911 κτᾶται
624 1847 763 1933 ἀγωγὴν.
802 1846 950 1934 ὥςπερ11)
968 1849 1046 1914 οὐδὲ
1062 1849 1120 1915 ἐὰν
1136 1851 1198 1934 ό11)
1217 1849 1376 1935 δεσπότης
1391 1851 1514 1936 πταίση

402 1980 433 2017 τι
455 1958 499 2029 εἰς
521 1952 579 2019 τόν
603 1955 738 2040 οἰκέτην,
762 1955 833 2020 οἷον
857 1956 985 2040 ὑβρίσας
994 1960 1030 2037 11)
1052 1957 1074 2043 ἡ
1097 1957 1259 2041 τυπτήσας
1282 1955 1396 2032 αὐτὸν,
1421 1955 1513 2021 οὐδε·-

351 2075 383 2125 15
403 2067 461 2144 μία
476 2062 752 2146 κατασχεθήσεται
767 2061 885 2151 ἀγωγῇ,
909 2063 988 2127 οὐδὲ
1003 2063 1061 2128 ἐὰν
1076 2064 1279 2149 ε’λευθερωθῇ
1295 2062 1316 2148 ι)
1332 2065 1388 2148 τῆς
1406 2063 1514 2148 ἑτέρου

403 2168 531 2252 γένηται
542 2170 576 2251 11)
601 2168 789 2244 δεσποτείας
812 2170 830 2235 ὁ
853 2174 957 2234 ταῦτα
979 2169 1127 2246 ὑποστὰς
1151 2171 1281 2256 οἰκέτης.
1331 2176 1357 2236 λ.
1384 2168 1547 2244 Ταόταςλ-

404 2275 439 2338 δὲ
463 2272 522 2348 τάς
544 2278 688 2340 noxalias
713 2275 840 2360 ἀγωγὰς
864 2276 895 2340 οἰ
921 2280 1053 2342 παλαιοὶ
1079 2280 1133 2341 καὶ
1160 2278 1216 2342 ε’πὶ
1242 2279 1311 2341 τῶν
1339 2275 1421 2340 υἱῶν
1447 2278 1513 2339 τῶν

402 2379 601 2456 εἰπεξουσίων
632 2383 686 2444 καὶ
717 2382 772 2446 ἐπὶ
804 2388 994 2468 θυγατέρων
1025 2385 1271 2469 προσεδέχοντο.
1330 2383 1349 2468 ἡ
1375 2383 1412 2446 δὲ
1435 2380 1511 2464 μετὰ

403 2490 504 2550 ταῦτα
523 2490 588 2552 τῶν
608 2486 796 2572 ἀνθρώπων
811 2488 999 2576 ἀναστροφὴ
1007 2493 1041 2575 15)
1059 2493 1112 2554 καὶ
1127 2495 1272 2554 πολιτεία
1290 2489 1348 2575 τὴν
1364 2489 1513 2573 τοιαότην

351 2607 384 2657 20
403 2593 527 2675 ἐξέβαλε
558 2593 742 2680 τραχύτητα
769 2598 823 2659 καί.
849 2597 1066 2683 κατεφρόνησε
1092 2596 1208 2681 ταύτης
1236 2595 1347 2682 ὀρθῶς
1376 2598 1512 2660 ποιοῦσα

402 2701 456 2764 καὶ
467 2709 520 2786 της
537 2704 645 2786 κοινῆς
661 2700 801 2786 χρήσεως
818 2705 986 2778 παντελῶς
1008 2703 1181 2788 ε’ξαίθησεν.
1205 2709 1253 2777 τίς
1268 2701 1330 2787 γάρ
1345 2702 1513 2787 αἰφρυνῶν

404 2804 623 2893 ἀνάσχοιτο11)
655 2806 716 2872 τόν
744 2808 830 2872 ἴδιον
857 2810 965 2872 παῖδα
993 2811 1045 2873 καὶ
1071 2810 1210 2893 μάλιστα
1219 2811 1253 2894 11)
1282 2809 1445 2894 θυγατέρα
1471 2811 1512 2882 εἰς

402 2922 508 2978 noxan
524 2912 619 2999 ἑτέρῳ
635 2927 822 2998 παρασχεῖν,
842 2912 918 2990 ὥςτε
934 2915 1052 2996 σχεδὸν
1067 2915 1127 2981 τόν
1141 2920 1265 3002 πατέρα
1280 2919 1324 2990 εἰς
1340 2913 1379 2978 τό
1398 2918 1511 2979 οἰκεῖον

403 3019 597 3084 κινδυνεύειν
613 3023 703 3103 σῶμα
713 3022 747 3107 18)
768 3020 847 3110 ἤπερ
864 3021 924 3087 τόν
939 3023 1055 3098 παῖδα,
1078 3018 1112 3098 ός
1123 3023 1158 3107 19)
1175 3024 1308 3086 τοιαῦτα
1326 3022 1511 3107 όφίσταται;

351 3137 383 3187 25
403 3125 455 3189 ἐπὶ
479 3127 515 3189 δέ
543 3129 608 3191 τῶν
634 3132 821 3215 θυγατέρων
847 3129 941 3215 καὶὴ
968 3133 1043 3215 περὶ
1069 3132 1124 3216 της
1152 3127 1363 3215 σωφροσύνης
1392 3124 1515 3212 σπουδη

402 3236 505 3307 καλῶς
539 3243 596 3317 τῐγς
626 3235 789 3310 πολιτείας
821 3235 949 3318 ἐξέβαλε
981 3239 1090 3300 τοῦτο.
1140 3236 1238 3319 καὶ111)
1270 3234 1390 3299 τούτου
1421 3231 1511 3318 χάριν

402 3337 513 3424 ἤρεσεν
540 3339 596 3404 έπὶ
622 3339 775 3426 μόνων11)
804 3345 935 3406 οἰκετῶν
957 3340 1016 3417 τοίς
1043 3345 1187 3408 noxalias
1215 3340 1385 3429 ἀρμόζειν,
1414 3339 1511 3406 ὁπότε

494 3538 513 3600 1)
533 3535 558 3588 (ἰ,
579 3536 621 3588 Vi.
642 3537 684 3590 Fl.
703 3537 736 3592 R.
879 3538 901 3604 2)
920 3538 967 3590 M.:
987 3543 1039 3592 cet.
1059 3530 1143 3599 οὗτος.
1290 3539 1312 3596 3)
1332 3537 1376 3589 Vi.
1397 3538 1442 3589 R.:
1462 3539 1507 3588 eet.

403 3622 556 3692 γενήσεται.
663 3626 686 3693 1)
707 3645 748 3680 σοι
766 3627 816 3678 ins.
836 3627 878 3678 Lss.
956 3628 977 3694 5)
997 3629 1027 3682 δὲ
1045 3627 1095 3680 ins.
1115 3627 1149 3679 M.
1230 3627 1253 3690 11)
1273 3633 1400 3690 -ζοντος
1419 3626 1461 3680 Vi.
1479 3624 1508 3676 R.

404 3711 425 3776 ⁷)
445 3711 551 3783 έκφόγῃ
570 3713 614 3766 Vi.
633 3713 679 3768 R.:
700 3715 735 3778 ἒξ.
756 3713 831 3779 όπεξ.
850 3717 892 3767 Ll.
912 3715 954 3768 L2.
974 3715 1016 3768 L⁶.
1088 3715 1110 3778 11)
1129 3715 1163 3768 M.
1182 3715 1238 3768 L⁶.:
1259 3719 1310 3768 oet.
1331 3714 1386 3782 τὴν.
1458 3710 1507 3778 1)ο“

403 3799 429 3853 d.
448 3800 483 3854 M.
502 3803 543 3853 L¹.
563 3801 605 3854 L2.
742 3803 775 3872 ¹⁰)
796 3802 850 3858 ἀπὸ
869 3804 903 3857 Μ.
923 3808 970 3858 τοῦ
989 3821 1040 3857 om.
1060 3821 1120 3858 cum
1139 3804 1173 3858 M.
1192 3803 1235 3857 L2.
1368 3805 1402 3870 11)
1421 3801 1460 3856 ὅτι
1476 3800 1507 3854 Μ.

405 3889 438 3956 12)
458 3888 483 3942 δ.
503 3889 547 3943 Vi.
566 3891 599 3944 R.
717 3893 750 3958 ¹3)
770 3891 854 3947 αὐτόν
871 3892 897 3946 h.
916 3893 933 3946 l.
953 3892 996 3946 Vi.
1015 3894 1044 3946 F.
1064 3893 1096 3946 R.
1224 3893 1259 3960 11)
1278 3892 1311 3945 Μ.
1331 3892 1375 3944 vi.
1396 3891 1441 3944 R.:
1459 3893 1506 3942 oet.

403 3977 555 4048 γενήσεται.
665 3981 698 4046 15)
720 3980 841 4052 -τροφίγ
860 3982 893 4033 Μ.
967 3981 1001 4048 11)
1019 3981 1066 4035 Ma
1086 4001 1183 4053 -σγοι
1201 3981 1245 4033 Ἦ,
1265 3982 1298 4034 R.
1318 4001 1416 4052 -σγοι
1434 3978 1461 4033 τό
1479 3977 1506 4028 F-

404 4067 438 4132 11)
456 4071 562 4137 μᾶλλον
580 4068 623 4121 Vi.
644 4069 675 4122 R.
790 4069 824 4137 18)
845 4073 923 4140 σῶμα
942 4073 1010 4125 κινδ.
1030 4070 1072 4123 L2.
1190 4067 1224 4138 19)
1244 4068 1277 4124 τὰ
1296 4070 1346 4122 ins.
1366 4069 1410 4122 Vi.
1429 4068 1456 4120 F.
1474 4067 1506 4118 R.

402 4158 437 4225 10)
458 4161 481 4211 δ.
500 4155 544 4210 Vi.
563 4158 596 4210 R.
785 4158 819 4224 21)
839 4163 893 4213 τών
911 4159 961 4212 ins.
980 4159 1023 4212 Lss.
