3298 5322
575 403 817 466 -421-

135 577 242 660 specie
271 577 374 640 locum
404 576 509 639 habet.
561 596 674 640 aureos
699 577 723 640 Ο
748 598 768 640 a
791 596 841 640 me
869 581 992 639 mutuos
1024 575 1188 658 accepisti,
1218 594 1255 638 ac

135 701 252 765 dedisti
274 700 350 763 mihi
377 699 531 782 quasdam
554 720 606 764 res
630 701 700 765 loco
725 701 879 785 pigneris,
909 707 964 765 ant
992 701 1087 764 etiam
1110 720 1161 764 res
1185 706 1256 764 tuas

135 825 334 908 hypothecae
361 825 437 922 ,iure
479 824 629 905 obligasti
664 825 788 889 dicens:
826 825 942 889 ‘illam
973 830 1009 888 et
1040 825 1146 887 illam
1181 844 1256 888 rem

135 950 246 1012 huius
271 919 393 1012 debiti
415 948 565 1012 nomine
589 948 625 1012 in
649 949 889 1032 hypothecae
918 969 1068 1013 causam
1096 949 1167 1012 tibi
1195 949 1256 1012 ob-

136 1074 235 1154 ligo'.
295 1073 323 1136 si
360 1073 393 1136 in
429 1072 535 1137 debito
570 1073 720 1138 soluendo
757 1074 948 1154 cessaueris,
989 1079 1098 1138 contra
1133 1093 1257 1137 omnem
1294 1086 1310 1138 5

135 1217 353 1280 possessorem
368 1216 482 1278 rerum,
508 1217 586 1277 quas
602 1198 679 1262 mihi
693 1199 834 1281 pigneris
850 1199 902 1262 uel
918 1197 1115 1281 hypothecae
1131 1197 1257 1262 nomine

137 1321 301 1404 obligasti,
336 1326 421 1385 reete
446 1321 537 1402 quasi
561 1323 709 1386 seruiana
737 1323 861 1387 actione
888 1328 973 1403 utar,
1009 1341 1127 1401 easque
1150 1341 1257 1403 perse-

137 1465 226 1527 quar,
250 1445 313 1509 uisi
335 1445 574 1509 mihi'debitum
598 1447 733 1510 solutum
757 1447 805 1510 sit.
851 1446 932 1510 inter
958 1446 1072 1528 pignus
1097 1450 1202 1508 autem
1226 1451 1257 1510 et

137 1571 362 1652 hypothecam,
400 1576 549 1649 quantum
583 1570 624 1633 ad
655 1571 810 1634 actionem
839 1571 931 1651 qnasi
963 1571 1141 1634 seruianam
1170 1589 1257 1634 exer-

137 1693 283 1774 cendam,
314 1693 393 1756 nihil
415 1693 559 1775 interest;
589 1695 656 1758 siue
685 1695 767 1758 enim
790 1693 930 1777 pigneris
954 1695 1039 1774 loco,
1068 1693 1135 1757 siue
1159 1693 1312 1776 hypo-10

136 1818 249 1882 thecae
273 1837 324 1882 res
348 1823 418 1880 tuas
442 1823 475 1880 tu
499 1818 623 1882 debitor
645 1825 775 1901 propter
798 1819 840 1900 id,
865 1818 948 1898 quod
963 1824 1069 1882 mutuo
1086 1817 1255 1900 sumpsisti,

138 1941 345 2023 obligaueris,
380 1947 466 2005 recte
501 1943 593 2024 qnasi
631 1943 780 2006 seruiana
817 1943 972 2025 experiar.
1030 1947 1077 2006 set
1114 1942 1147 2006 in
1185 1942 1257 2006 aliis

138 2065 316 2128 differentia
339 2071 395 2128 est.
430 2065 567 2147 pignus
591 2067 674 2130 enim
697 2067 730 2130 id
753 2067 878 2150 proprie
902 2066 1025 2148 dicitur,
1051 2067 1136 2147 quod
1159 2066 1257 2130 credi-

138 2190 199 2253 tori
225 2188 373 2269 traditur,
407 2189 543 2253 maxime
572 2190 600 2254 si
626 2210 677 2253 res
706 2191 831 2254 mobilis
867 2191 923 2272 sit3
960 2191 1044 2270 quod
1078 2211 1154 2254 uero
1190 2190 1257 2254 sine

138 2312 307 2376 traditione
331 2312 417 2376 nuda
432 2313 640 2378 conuentione
657 2313 824 2396 obligatur,
849 2314 882 2377 id
900 2314 1026 2397 proprie
1043 2314 1258 2396 hypotheca
1279 2325 1312 2378 15

103 2443 278 2500 euocetur.
325 2439 353 2502 8.
375 2437 446 2500 Non
470 2437 571 2500 solum
595 2437 627 2500 in
650 2458 726 2519 rem,
750 2438 797 2502 uti
821 2439 936 2533 dictum
961 2443 1017 2519 est,
1043 2443 1091 2502 set
1107 2439 1202 2502 etiam
1226 2438 1258 2502 in

138 2580 307 2644 personam
329 2560 470 2624 actiones
491 2567 619 2644 praetor
634 2562 807 2644 proposuit,
824 2562 923 2625 ueluti
938 2562 977 2626 de
994 2562 1128 2644 pecunia
1144 2562 1258 2626 consti-

138 2690 215 2749 tuta.
261 2685 340 2748 haec
365 2685 448 2748 enim
471 2692 599 2749 nonest
622 2685 738 2768 ciuilia,
763 2687 929 2766 locumque
945 2686 1041 2750 habet
1056 2685 1088 2750 in
1104 2685 1259 2750 eiusmodi

140 2829 224 2872 casu.
261 2807 293 2871 O.
310 2827 425 2872 aureos
449 2808 525 2872 mihi
541 2809 696 2891 debebas;
722 2810 848 2873 obuiam
864 2810 922 2873 tibi
937 2810 1011 2874 ueni
1031 2829 1086 2874 eos
1102 2815 1258 2893 repetens.

139 2953 210 2996 cum
233 2933 279 2996 ita
306 2938 488 3014 peterentur
516 2940 547 2996 et
575 2934 675 2997 uelles
703 2940 888 3016 praesentes
917 2934 1078 3016 augustias
1108 2934 1257 3016 effugere,
1278 2946 1313 2997 20

138 3056 298 3139 pollicitus
322 3075 357 3120 es
381 3055 503 3120 decimo
527 3057 644 3121 mensis
669 3059 719 3122 die
743 3078 798 3122 eos
822 3065 852 3122 te
877 3059 1057 3122 soluturum.
1097 3077 1166 3122 oum
1191 3057 1258 3122 dies

138 3180 203 3244 iam
220 3180 348 3263 elapsus
365 3187 459 3262 esset,
483 3183 666 3263 repetebam
684 3203 703 3244 a
718 3187 759 3262 te,
777 3183 832 3264 qui
848 3182 1005 3247 actionum
1020 3181 1097 3246 fines
1114 3181 1259 3264 suptilius

140 3311 273 3387 captans
297 3305 478 3369 nullomodo
494 3309 525 3368 te
549 3306 650 3369 teneri
666 3306 785 3370 aiebas.
818 3326 881 3371 non
897 3307 980 3370 enim
996 3305 1157 3390 stipulatio
1173 3306 1260 3370 facta

139 3429 253 3510 fuerat,
273 3433 307 3492 ut
324 3448 364 3492 ex
380 3429 532 3512 stipulatu
547 3435 650 3494 tecum
666 3429 721 3512 agi
737 3437 853 3513 posset,
876 3450 978 3511 neque
994 3430 1175 3494 mandatum
1192 3436 1260 3494 erat

140 3553 340 3617 subsecutum
363 3559 398 3616 ut
421 3553 563 3618 mandati
585 3553 667 3619 actio
692 3560 891 3637 competeret.
926 3561 1012 3618 tuam
1028 3554 1123 3636 igitur
1145 3555 1259 3637 impro·
1278 3565 1313 3617 25

139 3676 272 3741 bitatem
294 3683 424 3759 praetor
447 3677 630 3761 respiciens,
654 3699 736 3760 quae
759 3679 820 3743 tuis
843 3679 943 3762 ipsius
966 3678 1129 3762 promissis
1149 3679 1259 3743 adner-

140 3805 274 3882 saretur,
303 3800 489 3883 pecuniae
518 3802 748 3866 constitutae
784 3803 939 3868 actionem
967 3803 1140 3886 proposuit.
1192 3808 1261 3867 erat

141 3923 218 3988 olim
248 3924 320 3988 huie
351 3925 504 4008 pecuniae
536 3927 725 3992 constitutae
754 3927 872 3992 actioni
898 3927 1108 4017 recepticio
1136 3946 1259 4008 quoque
