3164 5338
552 375 780 440 -350-

127 559 187 625 olim
200 558 323 642 quidem
342 559 383 624 ad
398 561 645 644 quinquennium
659 581 760 646 usque
774 559 964 644 procedebat
979 579 1015 626 ac
1029 564 1140 642 postea
1161 579 1224 626 non

125 685 235 764 poterat
248 699 323 746 non
337 688 566 748 numeratae
580 683 764 765 pecuniae
782 681 921 764 exceptio
933 681 1048 764 opponi
1060 685 1116 746 aut
1126 680 1224 746 credi-

125 802 176 866 tori
189 801 259 866 dici:
282 802 382 884 proba
403 805 436 868 te
454 821 648 868 numerasse:
671 802 730 867 hoc
744 803 826 867 enim
844 801 993 884 pluribus·
1002 799 1224 883 principalibus

125 921 385 988 constitutionibus
406 926 533 988 cautum
549 927 605 1010 est.
641 940 711 987 cum
730 921 789 987 hoc
805 926 911 987 autem
926 920 1132 988 creditoribus
1148 917 1226 984 diffi-

125 1041 172 1107 cile
185 1046 273 1121 esset,
294 1043 466 1125 imperator
479 1047 595 1120 noster,
611 1062 659 1120 ne,
681 1043 773 1124 longo
788 1041 959 1124 praeterito
975 1045 1115 1122 tempore
1131 1038 1227 1122 (idest
1242 1041 1259 1093 5

123 1160 243 1225 triennio
266 1161 318 1226 uel
340 1161 573 1246 quadriennio),
600 1161 771 1227 creditores
797 1159 932 1242 probare
959 1160 1037 1226 iussi
1058 1179 1136 1224 uera
1157 1177 1226 1225 esse

123 1297 192 1361 quae
212 1286 319 1347 essent
344 1281 518 1364 adscripta,
546 1285 676 1364 propter
701 1280 926 1364 longitudinem
956 1279 1053 1362 elapsi
1076 1279 1225 1361 temporis

122 1399 148 1463 in
168 1399 380 1468 difficultatem
406 1401 626 1484 probationum
647 1400 836 1478 inciderent,
867 1404 963 1481 atque
988 1397 1060 1464 inde
1087 1398 1152 1463 suis
1174 1417 1226 1480 pe-

122 1519 209 1585 cuniis
231 1518 505 1599 defraudarentur,
529 1520 783 1586 constitutionem
801 1519 935 1601 scripsit,
950 1537 1040 1600 quae
1055 1519 1227 1600 quinquen-

121 1638 197 1705 nium
216 1640 250 1705 in
276 1641 436 1706 biennium
463 1641 632 1720 coartauit3
659 1640 767 1722 itaque
794 1640 879 1704 intra
906 1637 965 1702 hoc
992 1643 1115 1720 tempus
1142 1643 1227 1704 recte
1247 1648 1278 1700 ro

121 1757 264 1823 eiusmodi
284 1763 461 1842 opponetur
482 1760 637 1842 excepti0;
659 1764 732 1842 post
746 1759 906 1824 biennium
929 1776 1013 1838 uero,
1035 1758 1225 1824 nullomodo.

329 2373 376 2438 De
398 2390 551 2438 consensu
573 2372 771 2454 obligatione.
817 2372 940 2438 Titulus
962 2375 1013 2438 22.

195 2525 276 2590 Cum
302 2525 364 2591 iam
394 2526 636 2608 obligationibus
663 2527 832 2592 uerborum
858 2531 890 2592 et
911 2527 1089 2592 litterarum
1118 2527 1228 2591 dixeri·

117 2663 197 2726 mus,
229 2664 313 2712 nunc
341 2646 379 2713 de
406 2647 467 2713 illis
496 2666 577 2729 quae
604 2666 756 2713 consensu
785 2647 873 2713 fiunt.
923 2648 1126 2714 constituitur
1151 2647 1228 2712 haec

118 2764 262 2848 obligatio
284 2767 317 2831 in
338 2767 424 2833 hisce
446 2767 672 2834 contractibus:
702 2769 856 2850 emptione
879 2773 912 2833 et
930 2767 1110 2833 uenditione
1131 2771 1164 2832 et
1184 2767 1228 2832 lo-

85 2896 101 2944 ι.
117 2886 234 2952 catione
257 2892 290 2952 et
312 2859 466 2954 societate
487 2893 519 2952 et
540 2888 700 2952 mandatu.
748 2891 774 2952 l.
798 2888 873 2953 Ideo
900 2893 1006 2953 autem
1031 2888 1100 2952 istis
1127 2887 1228 2952 modis
1250 2899 1279 2948 lo

117 3023 300 3084 consensu
328 3007 443 3092 dicitur
469 3009 617 3090 obligatio
649 3008 804 3087 contrahi,
835 3009 910 3090 quia
935 3027 1036 3090 neque
1062 3009 1227 3090 scriptura,

117 3129 149 3188 ut
171 3126 201 3191 in
217 3127 397 3193 litterarum
412 3128 610 3210 obligatione,
633 3146 735 3209 neque
753 3129 940 3210 praesentia,
963 3129 1046 3194 utin
1061 3128 1229 3193 uerborum
1314 3208 1315 3212 Ἰ

116 3244 313 3327 obligatione,
335 3245 513 3311 omnimodo
529 3265 608 3328 opus
628 3251 689 3326 est;
713 3265 749 3311 oc
771 3266 809 3311 ne
831 3229 900 3310 dari
915 3247 1086 3329 quidquam
1108 3251 1157 3310 est
1177 3265 1230 3312 ne-

116 3381 207 3445 cesse,
231 3367 333 3431 ueluti
353 3367 386 3431 iu
408 3386 442 3431 re
457 3367 655 3448 obligatione,
666 3345 669 3352 ⁵
679 3373 716 3432 ut
730 3367 882 3432 consistat
896 3385 1048 3448 consensu
1063 3367 1228 3448 obligatio:

82 3510 100 3560 q
115 3484 228 3551 sufficit
249 3486 332 3551 enim
354 3505 408 3552 eos
427 3487 602 3552 consentire
624 3487 678 3568 qui
700 3487 746 3552 ita
768 3487 964 3552 contrahunt.
1010 3491 1038 3552 2.
1062 3488 1152 3553 Tales
1174 3487 1230 3568 igi·
1246 3504 1281 3554 ao

114 3608 164 3668 tur
195 3611 378 3672 contractus
412 3611 444 3671 et
476 3605 558 3671 inter
594 3607 739 3673 absentes
772 3607 877 3672 ualide
909 3606 1003 3687 fiunt,
1038 3609 1137 3673 ueluti
1173 3627 1229 3689 per

80 3745 98 3796 s.
115 3725 282 3804 epistulam
308 3725 359 3792 uel
388 3746 446 3808 per
474 3727 626 3792 nuntium.
673 3729 701 3791 3.
730 3729 839 3810 Neque
868 3729 900 3792 in
927 3729 986 3792 boc
1012 3727 1229 3794 tantummodo
