3154 5338
527 426 755 490 -330-

96 613 124 677 in
151 613 348 695 stipulatione
375 613 469 679 unius
496 616 620 679 tantum
648 614 845 679 dominorum
873 612 1062 678 mentionem
1084 611 1202 691 fecerit,
1231 647 1235 656 ·

96 732 198 797 ueluti:
225 733 450 814 Spondesne
473 732 565 798 dare
585 734 712 800 Primo
735 733 890 798 domino
912 732 1014 796 meo?
1036 731 1081 795 illi
1102 731 1204 796 solum

95 851 232 934 adquirit.
256 852 339 917 idem
354 872 430 918 uero
443 854 563 936 optinet
574 854 669 919 etiam
680 853 707 918 si
721 871 783 917 non
798 852 981 917 nominatim
992 853 1089 917 Primi
1104 853 1136 916 in
1151 852 1205 917 sti-

93 971 246 1053 pulatione
257 971 366 1038 fecerit
376 973 573 1052 mentionem,
587 978 636 1040 set
647 973 765 1054 absque
776 990 929 1054 personae
941 971 1097 1036 mentione
1108 971 1205 1036 Primi

92 1091 172 1156 iussu
193 1090 289 1157 fuerit
318 1093 500 1174 stipulatus:
527 1111 600 1158 nam
627 1093 673 1158 ita
703 1111 827 1174 quoque
849 1092 955 1158 Primo
984 1091 1238 1156 tantummodo5

92 1211 230 1293 adquiret
252 1213 327 1295 quia
342 1212 426 1295 quod
440 1213 573 1278 nominis
589 1213 722 1279 adiectio
745 1212 827 1278 idem
849 1211 925 1276 facit
948 1211 1064 1276 domini
1087 1211 1202 1277 iussus.

92 1331 168 1414 quod
183 1333 210 1397 si
223 1331 343 1415 absque
357 1352 510 1416 personae
520 1333 677 1398 mentione
689 1332 858 1414 stipulatus
870 1330 966 1396 merit
979 1349 1091 1396 seruus
1107 1335 1139 1396 et
1153 1349 1204 1396 res
1289 1333 1292 1340 '

91 1453 118 1516 in
134 1453 368 1535 stipulationem
380 1451 515 1524 deducta
530 1453 621 1520 alteri
636 1473 673 1519 ex
690 1451 822 1519 dominis
839 1452 962 1534 adquiri
973 1470 1036 1517 non
1050 1452 1203 1534 potest¹):

91 1572 163 1654 finge
184 1573 269 1638 enim
297 1591 347 1638 me
374 1578 406 1638 et
426 1572 567 1658 Primum
595 1591 790 1638 communem
813 1591 940 1638 seruum
961 1571 1091 1651 habere,
1119 1571 1203 1638 hunc

91 1712 160 1759 uero
182 1712 201 1758 a
224 1691 308 1758 Titio
330 1693 376 1759 ita
398 1693 583 1776 stipulatum
605 1713 689 1759 esse:
723 1693 950 1776 Spondesne
972 1692 1079 1758 Titic
1100 1691 1203 1757 hunc
1224 1694 1255 1744 10

91 1811 239 1878 fundum
268 1811 400 1878 darei:
430 1813 485 1895 qui
513 1811 629 1880 iamdus
659 1812 734 1877 mihi
760 1813 930 1896 pertineat:
962 1810 1047 1893 quod
1074 1810 1115 1875 ad
1142 1829 1202 1889 me,

91 1932 246 2015 stipulatio
277 1933 396 1999 inutilis
426 1937 490 2010 est,
519 1951 590 1998 cum
619 1951 659 1998 ne
687 1933 755 2015 ipse
783 1931 909 2013 quidem
937 1930 1043 1996 aalide
1071 1929 1204 2012 stipuler

92 2071 148 2118 rem
169 2052 245 2118 mihi
270 2052 338 2118 dari
366 2070 448 2134 quae
476 2051 539 2116 iam
565 2069 636 2117 mea
657 2051 713 2131 sit;
743 2050 838 2116 dare
865 2051 947 2149 enim
974 2051 1019 2117 sic
1041 2050 1202 2133 accipitur,

92 2176 122 2236 ut
146 2191 194 2239 res
224 2172 357 2238 alicuius
384 2169 453 2238 fiat:
483 2171 616 2254 amplius
646 2175 753 2236 autem
781 2189 886 2235 meum
915 2141 1000 2252 quod
1028 2189 1133 2236 meum
1154 2175 1203 2236 est

91 2289 148 2357 ieri
176 2293 296 2376 nequit.
321 2294 369 2360 si
396 2307 471 2372 ergo
499 2289 583 2372 quod
611 2289 651 2354 ad
678 2307 780 2356 meam
809 2307 975 2371 personam
1005 2290 1125 2356 inutilis
1154 2295 1203 2357 est
1223 2300 1253 2351 11

92 2413 242 2496 stipulatio
267 2413 432 2496 quaeritur
454 2433 493 2478 an
509 2417 661 2496 quantum
684 2411 725 2478 ad
746 2412 779 2476 id
793 2413 931 2494 pertinet
945 2413 1030 2495 quod
1051 2413 1127 2478 mihi
1150 2414 1203 2479 ad-

92 2533 163 2612 quiri
184 2534 324 2613 deberet,
347 2532 466 2598 inutilis
489 2533 652 2615 stipulatio
668 2551 798 2616 prorsus
813 2531 925 2600 effectu
947 2537 1061 2612 careat,
1085 2553 1126 2599 an
1148 2553 1202 2615 po·

92 2651 145 2719 tius
167 2653 242 2720 mihi
266 2655 393 2737 quidem
414 2657 492 2722 nihil
514 2657 717 2740 adquiratur,
741 2657 825 2724 socio
848 2662 953 2723 autem
975 2675 1044 2722 meo
1066 2657 1201 2723 solidum

93 2770 193 2838 detur?
220 2775 308 2857 quod
338 2781 371 2842 et
399 2776 518 2859 placuit
546 2782 675 2860 propter
697 2777 837 2859 regulam
859 2796 940 2860 quae
962 2777 1021 2842 ait:
1048 2777 1201 2860 quidquid

93 2893 137 2957 mi
158 2893 356 2961 dominorum
383 2897 506 2980 adquiri
535 2917 596 2964 non
624 2903 729 2982 potest
750 2897 783 2963 id
805 2899 896 2964 alteri
919 2897 1055 2982 adquiri,
1079 2898 1132 2981 qui
1154 2897 1251 2962 111-2ο

93 3012 193 3080 mirum
215 3013 384 3098 adquirere
405 3017 514 3101 possit.

148 3254 169 3325 q
187 3254 226 3312 sic
244 3254 303 3310 fere
320 3256 416 3326 supple
436 3255 530 3312 »altari
548 3257 662 3312 solidum
680 3256 857 3326 adquiritur«.
