3164 5338
517 479 558 488 -
606 444 758 507 354-

239 612 335 679 ἄίλοι
358 615 395 678 δὲ
418 615 529 702 ῥινοῖς,
551 614 647 683 ἄλλοι
671 617 701 680 δ’
726 613 838 706 αὐτῇσι
859 613 971 698 βοέσοιΙ

239 737 334 804 ἄλλοι
357 740 388 804 δ’
412 738 698 828 α’νδραπόδεσσι.1)

98 862 270 938 »οἰνίζοντοι
295 871 399 930 autem
427 866 649 950 interpretatur
672 867 805 931 ‘uinu'rn
829 867 1118 949 comparabant.
1163 871 1198 930 et

95 988 201 1070 fingens
225 1009 281 1053 eos
303 990 410 1055 uinum
431 1011 624 1075 comparare,
650 990 782 1056 aitdare
805 991 930 1055 nomine
947 991 1040 1075 pretii
1062 992 1114 1056 uel
1138 1011 1196 1056 aes

94 1113 137 1175 uel
161 1113 275 1178 ferrum
302 1115 354 1179 uel
383 1115 484 1198 pelles
511 1116 564 1180 uel
598 1116 695 1180 boues
727 1115 779 1180 uel
806 1115 972 1199 manoipia.
1018 1116 1193 1199 proauliani
1230 1126 1248 1178 5

93 1244 184 1302 autem
212 1245 321 1304 oontra
349 1241 535 1304 asserebant
558 1239 706 1320 aliudque
730 1259 800 1304 esse
828 1239 975 1305 dicebant
997 1260 1100 1304 rernm
1122 1259 1192 1323 per-

91 1361 283 1428 mutationem
306 1369 338 1428 et
358 1363 444 1428 aliud
465 1363 652 1448 emptionem
673 1370 704 1429 et
724 1364 944 1430 uenditionem.
984 1364 1192 1444 (linebantque

89 1505 143 1550 non
153 1507 248 1570 posse
263 1507 329 1552 rem
344 1494 430 1553 reete
446 1488 598 1572 expediri,
614 1489 708 1553 rebus
721 1489 912 1572 permutatis,
929 1507 1010 1569 quae
1027 1487 1193 1553 uideantur

89 1611 202 1676 uenisse
227 1617 259 1677 et
283 1631 364 1692 quae
387 1612 482 1696 pretii
504 1613 628 1677 nomine
652 1633 722 1678 esse
740 1613 823 1677 data
857 1634 929 1677 nam
947 1633 1013 1678 rem
1028 1594 1192 1694 utramoue

87 1735 202 1800 uenisse
227 1742 259 1800 et
281 1736 375 1819 pretii
396 1737 522 1802 nomine
539 1756 609 1803 esse
626 1737 732 1802 datam
747 1731 849 1802 uideri
864 1737 1019 1803 rationem
1038 1757 1101 1802 non
1116 1738 1191 1822 pati.
1212 1746 1249 1798 10

85 1866 128 1924 set
147 1861 274 1926 Proouli
297 1861 454 1926 sententia
483 1860 614 1927 dioentis
642 1861 903 1945 permutationem
931 1863 1093 1946 propriam
1121 1881 1194 1927 esse

85 1985 214 2066 speeiem
239 1991 416 2050 eontraotus
433 2006 453 2050 a
468 1986 649 2051 uenditione
666 1991 847 2069 separatam
869 1987 981 2051 merito
1001 1987 1191 2070 praeualuit,

84 2128 146 2172 oum
172 2115 205 2174 et
229 2109 298 2192 ipse
321 2111 473 2176 Prooulus
498 2110 569 2175 aliis
597 2111 764 2176 homeriois
792 2110 935 2175 uersibus
966 2089 1132 2180 adiuuetur
1159 2119 1191 2176 et

83 2233 283 2300 ualidioribus
306 2235 481 2299 rationibus
505 2235 546 2299 ad
561 2235 620 2300 hoe
637 2241 750 2300 utatur.
766 2215 890 2300 suersus
907 2241 1012 2300 autem
1027 2237 1061 2300 hi
1076 2235 1192 2320 sunt²):¹

179 2357 256 2423 ἔνθ’
278 2355 355 2423 αὖτε
377 2355 509 2446 Hanno>
535 2357 693 2445 Κρονίδης
716 2361 838 2445 φρένας
860 2358 982 2435 ἕξέίατο
1005 2357 1087 2434 zebe
1210 2375 1246 2427 15

178 2481 215 2556 ὃς
239 2479 322 2568 πρὸς
347 2481 508 2567 Τυδείδην
531 2479 698 2568 Διομήδεα
719 2479 819 2563 τείχε’
843 2480 968 2565 ἄμειβε,
1031 2483 1034 2489 ’
1143 2562 1152 2570 ³

178 2603 301 2693 χρύσεα
323 2606 480 2686 χαλκείων
502 2603 684 2689 ἑκατόμβοι’
705 2605 907 2689 ἐννεαβοίων.

79 2748 146 2795 eoee
170 2731 256 2796 enim
283 2731 333 2796 hio
361 2731 695 2815 permutationem,
724 2750 787 2796 non
813 2730 1087 2815 uenditionem,
1117 2751 1193 2797 oon·

77 2861 207 2920 traotum
230 2855 397 2920 manifeste
419 2855 555 2920 uocauit.
601 2855 686 2936 quod
707 2861 739 2920 et
757 2854 931 2920 anteriores
952 2855 1111 2938 prinoipes
1135 2855 1189 2918 ad-

47 2979 67 3030 3.
77 2979 224 3044 miserunt
241 2986 273 3044 et
288 2979 321 3044 in
336 2979 478 3062 Digestis
493 2979 588 3043 latius
605 2979 808 3062 significatur.
839 2982 868 3045 3.
884 2979 1029 3044 Diximus
1045 2979 1193 3062 superius
1207 2993 1246 3046 20

75 3104 296 3186 uenditionem,
322 3123 403 3199 quae
427 3104 495 3169 sine
519 3103 675 3186 seriptura
696 3103 738 3186 fit,
762 3103 867 3168 statim
891 3104 1072 3186 consistere,
1096 3103 1192 3168 simu--

74 3227 177 3309 latque
202 3228 338 3313 pretium
362 3228 521 3292 definitum
544 3227 585 3292 sit
607 3234 639 3292 et
660 3227 783 3310 utrique
799 3228 882 3312 parti
897 3229 1064 3312 plaouerit.
1104 3233 1188 3312 post-

74 3370 164 3432 quam
201 3353 298 3436 igitur
325 3352 384 3417 hoo
410 3353 504 3417 modo
536 3352 722 3434 eonstiterit,
756 3352 929 3436 perieulum
960 3353 1008 3418 rei
1039 3352 1191 3416 uenditas-

72 3477 175 3542 statim
201 3477 244 3542 ad
268 3483 440 3560 emptorem
463 3481 601 3560 speetat,
629 3476 756 3542 tametsi
777 3476 915 3540 nondum
939 3496 990 3541 res
1014 3475 1045 3540 ei
1070 3475 1192 3540 tradita

69 3600 115 3666 sit.
162 3602 275 3684 itaque
292 3601 319 3665 si
334 3601 427 3666 homo
443 3600 588 3666 uenditus
612 3601 653 3665 sit
676 3606 707 3666 et
722 3600 893 3666 deoesserit
907 3601 959 3664 uel
974 3601 1082 3681 aliqua
1097 3605 1190 3683 parte
1206 3613 1243 3665 no

156 3849 180 3917 1)
200 3848 266 3903 inde
278 3849 371 3902 uinum
384 3847 579 3916 comparabant
592 3851 732 3902 comantes
745 3845 854 3916 thiui,
868 3848 914 3902 alii
925 3861 996 3916 aere,
1010 3847 1055 3902 alii
1070 3863 1190 3903 eoruseo

69 3933 148 4006 ferro,
169 3937 220 3992 alii
237 3937 321 3992 boum
339 3937 465 4005 pellibus,
484 3937 529 3990 alii
546 3937 615 4004 ipsis
634 3935 734 4005 bubus,
753 3935 798 3990 alii
816 3938 912 3990 seruis.
948 3937 980 3990 11.
999 3940 1024 4006 t,
1043 3939 1104 3992 472.

155 4027 181 4096 2)
202 4028 259 4086 iam
270 4041 337 4080 uero
351 4025 460 4080 Saturni
472 4025 544 4079 filius
556 4025 681 4093 Iuppiter
694 4024 798 4079 Glauoo
810 4028 928 4080 mentem
942 4027 1041 4094 rapuit,
1060 4027 1107 4094 qui
1125 4041 1189 4080 eum

67 4113 157 4182 Tydei
165 4115 229 4170 filio
238 4113 371 4169 Diomede
381 4129 456 4168 arma
464 4114 645 4182 permutabat,
659 4128 742 4168 aurea
751 4113 871 4183 aiensis,
883 4118 996 4170 eentum
1004 4115 1088 4169 boum
1096 4115 1190 4182 pretio

66 4207 218 4259 aestimata
236 4220 297 4260 oum
316 4204 465 4258 aestimatis
483 4202 574 4258 bubus
592 4217 701 4256 nouem.
736 4202 768 4256 11.
787 4207 814 4272 6,
830 4205 895 4258 aaa.
