3384 5314
640 369 877 433 -mt-

204 544 401 609 Institutione
425 544 575 620 diximus,
603 564 672 609 cum
700 543 738 608 de
762 543 873 608 litteris
902 543 1094 626 obligatione
1121 564 1222 608 sermo
1246 545 1315 626 fuit,

206 669 353 752 principis
381 669 480 733 nostri
508 669 687 734 constitutio
717 669 758 732 ad
787 668 943 732 biennium
972 689 1042 732 eam
1071 670 1232 734 coartauit.
1286 676 1317 732 et

205 795 231 858 si
269 794 352 857 intra
389 793 548 858 biennium
587 815 695 875 agam,
740 795 883 876 exceptio
926 794 1001 857 mihi
1045 801 1231 877 opponetm3
1278 814 1316 858 co

170 929 194 980 3.
206 919 330 1002 elapso,
357 938 413 982 reo
442 918 585 1001 exceptio
611 938 674 982 non
702 917 835 982 dabitur.
891 922 919 984 3.
944 918 1024 982 Huic
1053 919 1175 1002 species
1204 925 1235 983 et
1262 919 1318 982 illa

205 1044 315 1108 similis
339 1050 403 1108 est:
433 1042 457 1106 O
481 1063 593 1107 aureos
616 1043 675 1107 tibi
698 1043 830 1124 credidi;
858 1050 970 1126 postea
992 1050 1103 1126 pactus
1127 1065 1211 1118 eum,
1235 1064 1273 1108 ne
1297 1065 1318 1108 a
1355 1055 1369 1104 o

203 1175 235 1233 te
259 1175 396 1233 mutuum
420 1173 568 1252 peterem.
589 1169 647 1232 hoc
670 1173 796 1251 pactum
819 1168 888 1251 ipso
912 1169 980 1232 iure
1003 1169 1231 1234 condictionem
1254 1189 1317 1233 nou

204 1293 357 1374 dissoluit,
387 1299 494 1375 utpote
522 1312 603 1373 quae
627 1293 725 1357 stricti
749 1293 824 1356 iuris
854 1293 935 1356 actio
963 1293 1016 1374 sit,
1044 1299 1092 1356 set
1119 1293 1221 1357 adhuc
1249 1295 1316 1358 iure

204 1419 289 1483 ciuili
311 1419 436 1482 teneris.
484 1439 546 1499 qua
570 1417 608 1480 de
633 1437 731 1481 causa
754 1417 866 1481 efficax
890 1423 937 1481 est
964 1425 1073 1482 contra
1095 1423 1126 1482 te
1150 1419 1315 1500 condictio,

204 1551 235 1608 et
251 1549 336 1607 recte
360 1542 502 1606 intendo:
528 1542 578 1605 »si
601 1548 709 1626 paret
732 1549 767 1605 te
792 1541 880 1605 dare
905 1549 1116 1625 oportere«;
1142 1545 1316 1608 naturalem

203 1675 308 1732 tamen
332 1667 523 1747 aequitatem
544 1667 677 1748 offendo,
703 1687 790 1730 meas
807 1667 874 1750 ipsc
892 1667 1125 1749 transgrediens
1142 1669 1315 1750 pactiones,
1338 1680 1370 1730 10

203 1793 364 1856 remittens
403 1812 440 1856 ao
473 1813 580 1856 rursus
615 1793 793 1857 intendens:
824 1798 854 1855 et
888 1792 959 1856 ideo
998 1794 1100 1876 pacti
1139 1794 1316 1858 conuenti

168 1931 192 1982 4.
204 1917 346 2000 exceptio
370 1917 445 1980 mihi
469 1917 615 1981 obstabit.
671 1923 699 1982 4.
723 1916 858 1992 Quidam
883 1917 907 1981 O
931 1937 1043 1982 aureos
1066 1918 1141 1982 mihi
1165 1918 1315 2000 debebat3

203 2043 340 2106 debitum
373 2044 413 2106 ab
449 2061 486 2105 eo
520 2043 610 2125 petii;
649 2044 788 2125 negabat
822 2043 875 2107 ille
910 2063 944 2107 se
979 2043 1147 2124 quidquam
1187 2043 1314 2107 debere:

203 2168 417 2232 iusiurandum
442 2169 471 2232 ei
495 2168 606 2232 detuli:
631 2168 748 2266 iprauit
771 2187 805 2232 se
828 2167 905 2232 nihil
929 2167 1052 2232 debere.
1098 2169 1184 2232 ualet
1206 2168 1316 2231 nihilo-

202 2292 303 2357 minus
327 2292 498 2375 condicti03
522 2314 595 2356 nam
613 2293 703 2356 sicuti
720 2298 853 2376 pactum,
876 2294 921 2357 ita
937 2292 1151 2356 iusiurandum
1167 2293 1235 2375 ipso
1248 2293 1316 2356 inre
1338 2306 1369 2355 15

203 2417 359 2481 actionem
382 2437 445 2481 non
466 2417 606 2500 peremit.
645 2422 694 2480 set
710 2417 784 2497 quia
800 2418 937 2496 iniquum
955 2424 1002 2481 est
1018 2437 1067 2481 me
1084 2422 1229 2499 agentem
1246 2436 1316 2481 eum

204 2542 333 2624 periurii
361 2562 525 2623 accusare,
562 2548 737 2624 opponetur
767 2541 842 2604 mibi
874 2541 1017 2623 exceptio
1050 2541 1316 2606 iurisiurandi.

204 2667 248 2730 ait
263 2667 346 2730 enim
362 2667 399 2748 is,
424 2686 494 2731 cnm
515 2686 575 2746 quo
593 2666 710 2748 agitur:
735 2665 785 2729 »si
808 2684 879 2728 non
903 2665 1028 2729 iuraui
1050 2685 1104 2729 me
1128 2666 1198 2730 tibi
1221 2667 1317 2730 nihil

203 2790 370 2854 debere«.
416 2809 474 2854 nec
498 2790 599 2854 solum
622 2790 654 2852 in
677 2788 896 2871 personalibus
920 2788 1111 2865 actionibus,
1139 2796 1187 2854 set
1213 2790 1245 2854 in
1267 2791 1316 2854 his

204 2933 344 2996 quoque,
374 2915 486 2994 quibus
509 2914 542 2978 in
565 2934 631 2977 rem
655 2913 773 2995 agitur,
803 2913 1003 2996 exceptiones
1033 2921 1238 2996 opponuntur.
1284 2922 1317 2978 ut
1336 2926 1370 2978 20

205 3058 292 3103 ecce:
321 3059 387 3102 rem
410 3038 485 3102 mihi
513 3038 719 3121 pertinentem
742 3039 888 3120 tenebas;
918 3059 988 3102 eam
1012 3059 1032 3100 a
1055 3045 1085 3102 te
1113 3039 1196 3122 petii.
1247 3059 1316 3104 eam

203 3170 237 3227 tu
256 3170 343 3227 tuam
368 3181 437 3226 esse
455 3163 675 3226 contendebas.
720 3162 933 3227 iusiurandum
955 3162 1013 3226 tibi
1037 3163 1076 3226 de
1100 3182 1139 3227 ea
1154 3182 1187 3226 re
1205 3163 1314 3228 detuli:

203 3287 314 3350 iurasti
337 3293 367 3350 te
392 3307 462 3351 esse
486 3287 651 3352 dominum.
690 3286 718 3350 si
740 3292 852 3369 postea
875 3307 981 3350 rursus
1005 3293 1115 3351 contra
1137 3293 1167 3351 tc
1192 3287 1316 3352 actione

204 3412 236 3474 in
263 3432 329 3476 rem
357 3411 504 3494 experiar
535 3413 589 3495 (ea
618 3411 700 3475 enim
733 3411 807 3474 mihi
830 3411 1029 3475 nihilominus
1055 3411 1217 3494 competit,
1247 3432 1316 3476 oum

204 3535 417 3600 iusiurandum
435 3535 604 3600 dominium
619 3555 722 3600 meum
738 3555 801 3599 nou
817 3535 1018 3619 dissoluerit),
1044 3543 1218 3619 opponetur
1241 3538 1317 3601 mibi
1336 3548 1369 3598 25

169 3680 244 3732 aex
278 3660 415 3726 naturali
449 3660 608 3742 aequitate
643 3659 787 3742 exceptio
823 3660 1083 3724 iurisiurandi.
1145 3664 1174 3726 b.
1197 3661 1315 3726 Iudicio

204 3792 306 3849 tecum
329 3785 381 3868 egi
409 3785 476 3849 siue
499 3785 531 3849 in
559 3803 625 3848 rem
640 3784 720 3851 sinc
751 3783 783 3847 in
810 3803 992 3866 personam:
1020 3784 1121 3848 uictus
1150 3805 1231 3867 sum,
1260 3805 1316 3849 seu

204 3909 288 3990 quod
315 3909 410 3974 iudici
438 3909 532 3974 fuerit
559 3909 722 3992 obreptum
746 3927 802 3972 sen
829 3907 924 3972 iudex
951 3909 1033 3973 male
1061 3907 1314 3991 pronuntiauerit.

205 4033 343 4098 actiones
367 4033 492 4113 quidem
516 4053 604 4097 suam
628 4032 691 4096 uim
714 4031 909 4114 retinebunt;
934 4032 961 4096 si
983 4051 1059 4096 uero
1083 4052 1190 4096 rursus
1213 4037 1314 4096 tecum
