3298 5322
808 375 1050 438 -421-

369 547 477 631 ε’μοῦί)
489 573 506 634 ρ
518 548 711 630 νομίσματα.
728 545 877 621 δέδωκας
888 549 945 630 μοί
956 569 1028 611 τινα
1044 543 1219 630 πράγματα
1235 542 1322 631 λόγῳ
1338 541 1495 631 ε’νεχὺρου

370 651 393 738 ή
409 655 464 717 καὶ
481 652 608 717 ὑπέθου
625 653 712 738 μοιῖ)
735 651 775 716 σὰ
796 651 974 737 πράγματα
996 654 1099 716 είποόν
1120 650 1217 736 ὅτι3)·
1235 649 1496 734 »ὑποτίθεμαί

372 778 433 823 σοι
455 764 568 824 ἕνεκα
591 759 737 844 votnm)
762 761 832 823 τοὺ
856 763 995 842 χρέους
1018 757 1112 823 τόδε
1126 756 1295 822 καὶτόδε
1310 755 1353 821 τὸ
1370 758 1494 842 πρᾶγ-

374 867 479 948 μαὺ).
527 863 801 948 οἷχνωμονοῦντός
825 867 978 952 σουπερὶ
1001 867 1062 950 τήν
1084 866 1144 928 τοῦ
1168 863 1280 951 χρέους
1295 856 1495 948 καταβολὴν,

339 987 355 1038 5
373 969 457 1035 κατὰ
480 969 604 1046 παντὸς
627 976 750 1054 νομέως
768 972 962 1053 κατέχοντος
985 969 1026 1035 τὰ
1051 970 1318 1057 ένεχυριασθέντα
1341 992 1398 1052 μοι
1419 966 1496 1054 ἦτοι

372 1076 574 1142 ὑποτεθέντα
597 1077 773 1163 πράγματα
795 1080 905 1152 καλῶς
931 1079 1014 1142 κινο5
1036 1075 1098 1162 τήν
1125 1078 1217 1158 quasi
1245 1073 1413 1160 semianin
1438 1077 1496 1138 καὶ

374 1183 527 1259 α’ποσπῶ,
550 1186 578 1247 εἰ
599 1181 642 1269 μή
667 1188 855 1272 καταβληθῇ
878 1207 935 1267 μοι
949 1182 987 1248 τὸ
1012 1184 1115 1268 χρέος.
1150 1181 1269 1266 μεταξὺ
1287 1183 1325 1246 δὲ
1340 1179 1496 1267 ένεχύρου

371 1291 427 1354 καὶ
449 1287 634 1375 ὑποθήκης,
664 1288 743 1355 ὅσον
770 1291 830 1373 μὲν
857 1289 910 1354 ἐπὶ
936 1289 975 1355 τὸ
1002 1291 1130 1375 κινῆσαί
1156 1315 1196 1373 με
1222 1298 1283 1374 τήν
1310 1290 1403 1370 quasi
1430 1309 1495 1353 ser-

372 1394 506 1482 manin,
530 1394 664 1479 οὐδεμία
692 1395 760 1460 ἐστὶ
791 1395 953 1482 διαφοραί·
982 1395 1044 1461 εἴτε
1071 1395 1134 1484 γὰρ
1162 1395 1400 1484 ἐνεχυριάσηςθ)
1427 1417 1496 1478 μοι,

324 1518 357 1569 10
375 1506 438 1566 εἴτε
459 1502 619 1590 ὑποθηςί)
642 1501 683 1566 τὰ
704 1505 840 1567 σεαυτοῦ
864 1501 1041 1588 πράγματα
1065 1501 1104 1566 σὺ
1128 1501 1316 1578 ὥὺοίιίίωτ,
1339 1501 1422 1585 ὑπὲρ
1444 1498 1497 1566 οὑν

374 1608 529 1673 ε’ὑανείσω
562 1607 673 1695 ὀρθῶς
700 1608 819 1694 κινήσω
848 1607 909 1694 τήν
937 1611 1028 1690 quasi
1056 1608 1236 1694 seruianrl'n.
1297 1608 1366 1672 ἔστι
1395 1609 1432 1671 ὑὲ
1458 1608 1496 1673 έν

373 1713 491 1801 ἑτέροις
514 1715 535 1800 ή
560 1713 717 1803 διαφορά.
764 1715 949 1802 ἐνέχυρον
972 1714 1036 1800 γὰρ
1058 1717 1174 1801 κυρίως
1202 1714 1305 1779 έκεῖνο
1328 1715 1495 1799 λέγεταιθ),

373 1817 453 1904 ὅπερ
475 1821 697 1908 παραδίδοται
724 1823 770 1908 τῷ
797 1823 959 1904 creditori,
988 1820 1127 1905 μα’λιστα
1151 1821 1187 1886 ἐν
1210 1819 1235 1910 ᾧ
1258 1821 1325 1885 έστι
1351 1819 1496 1906 κινητὸν,

374 1924 452 2011 ὅπερ
479 1927 516 1991 δὲ
540 1927 616 2008 δίχα
639 1929 827 1993 traditionos
851 1929 940 2015 ψιλῷ
967 1926 1128 2014 συμφώνῳ
1156 1927 1367 2004 ὑποτίθεται,
1396 1937 1495 1992 τοῦτο

323 2047 355 2098 15
373 2035 489 2120 κυρίως
512 2033 690 2119 ὑποθήκη
713 2033 997 2121 προσαγορεύεται.
1045 2039 1073 2101 8.
1100 2033 1147 2100 Οὑ
1169 2032 1275 2118 μόνον
1298 2034 1335 2098 δὲ
1360 2035 1395 2098 in
1416 2055 1493 2115 rem,
1505 2045 1532 2098 8.

373 2137 462 2204 καθὸ
490 2139 625 2226 είρηται,
654 2139 737 2203 α’λλὰ
766 2142 821 2203 καὶ
849 2141 1080 2224 personalias⁹)
1106 2140 1126 2206 ὑ
1149 2147 1284 2225 ρτείίωτ
1310 2139 1496 2224 ἐπενόησεν,

373 2244 445 2310 οἷον
471 2245 529 2330 τήν
561 2248 714 2330 pecuniae
739 2249 938 2312 constitutae.
992 2247 1073 2333 αὕτη
1096 2245 1204 2334 χαίρω)
1229 2245 1290 2311 οὑκ
1312 2248 1381 2311 ἐστι
1403 2251 1493 2311 πολι·

374 2349 461 2437 τική·
485 2352 593 2440 χώραν
617 2353 654 2416 ὑί
677 2351 740 2434 ἔχει
756 2352 809 2417 ἐπὶ
825 2352 944 2417 τούτου
959 2355 1019 2418 τοῦ
1042 2358 1198 2437 θέματος.
1240 2352 1424 2438 έχρεώστεις
1439 2377 1495 2436 μοι

373 2456 613 2546 ρνομίσματα·
636 2459 828 2544 περιέτυχόν
851 2478 915 2523 σοι·
945 2458 1090 2548 α’πήτουν
1118 2481 1151 2525 σε
1178 2462 1291 2524 ταῦτα.
1338 2457 1493 2526 ἀπαιτοί-

321 2577 357 2628 20
376 2588 471 2649 μενος
495 2563 534 2628 σὺ
557 2569 612 2628 καὶ
634 2563 832 2649 βουλόμενος
847 2564 908 2651 τήν
924 2568 1097 2650 παροῦσαν
1111 2564 1289 2652 ὄχλησινίῑ)
1314 2566 1496 2651 διαφυγεῖν,

376 2669 603 2756 α’ντεφώνησας
618 2674 720 2736 εἰπεῖν
735 2670 787 2736 ὅτι
809 2673 867 2761 »τη
892 2671 1036 2762 δεκάτη
1059 2675 1131 2736 τοὺ
1155 2671 1272 2757 μηνὸς
1294 2671 1420 2738 ταῦτα’
1436 2692 1496 2737 σοι

374 2776 605 2865 καταβαλῷι.
621 2776 846 2863 παρελθούσης
862 2780 917 2865 της
932 2781 1150 2864 προθεσμίας,
1165 2777 1312 2868 α’πήτουν
1330 2797 1378 2844 σε·
1395 2779 1496 2864 ἔλεγες

375 2881 414 2946 σὺ
435 2881 512 2958 τοὺς
531 2882 626 2971 ὅρους
646 2885 711 2948 τῶν
729 2883 868 2969 α’γωχῶν
886 2886 1087 2970 τεχνολοχῶν
1105 2884 1301 2971 μηδαμόθεν)
1317 2883 1496 2970 σεαυτὸνῦ)

374 2987 565 3055 ὑπεύθυνον
587 2993 677 3055 εἶναι.
725 2990 802 3056 οὑδὲ
826 2990 890 3080 γὰρ
914 2990 1108 3079 ἐπερώτησις
1136 2991 1277 3078 γέγονεν,
1300 2999 1355 3056 ἵνα
1377 2997 1497 3081 κινηθῇ

321 3108 356 3160 25
374 3095 458 3161 κατὰ
488 3099 546 3161 σοὺ
569 3096 590 3182 ή
614 3118 653 3162 ex
682 3099 850 3182 stipulatu,
880 3097 958 3162 οὑδὲ
985 3099 1158 3164 ιαεηὺλιίοο
1191 3097 1497 3184 παρηκολούθησεν,

377 3209 430 3267 ἵνα
445 3201 600 3292 ὑρμόσηή
613 3205 763 3269 mandati.
787 3202 937 3291 ἑωρακώς
949 3206 1059 3270 τοίνυν
1069 3207 1105 3291 ¹³)
1117 3203 1176 3292 την
1192 3203 1252 3291 σήν
1261 3201 1498 3290 ἀγνωμοσύνην

375 3306 546 3393 ὑρταὺίωῐ
570 3308 611 3384 ὑς
635 3309 834 3375 ὑπεναντίαν
858 3308 907 3375 ὅτι
929 3309 1016 3399 μάχη
1039 3323 1109 3386 ταῖς
1133 3312 1252 3375 σαυτοῦ
1275 3309 1498 3391 ὑποσχέσεσιν,

378 3409 517 3501 ὥρισεῑί)
541 3413 600 3502 τήν
622 3418 787 3500 ‘pecuniae
812 3418 1020 3483 constitutae'.
1056 3415 1098 3502 ήν
1122 3417 1159 3480 δὲ
1181 3415 1219 3481 τὸ
1235 3415 1379 3481 παλαιὸν
1401 3415 1498 3500 ὁμοία

376 3519 494 3606 ταύτης
531 3523 586 3608 τῆς
622 3524 785 3606 ‘pecuniae
826 3524 1023 3589 constitutae'
1062 3525 1118 3587 καὶ
1150 3521 1173 3608 ἡ
1205 3525 1392 3607 receptam,
1429 3518 1498 3598 ἥτις

465 3681 486 3748 ¹)
505 3684 516 3734 ῑ
534 3681 571 3734 Vi
589 3681 623 3736 R.
723 3682 744 3749 ²)
764 3681 798 3736 τὰ
816 3683 868 3735 ins·
887 3683 917 3736 F.
1012 3683 1034 3750 ³)
1056 3685 1101 3737 καὶ
1120 3684 1172 3736 ins.
1191 3682 1235 3736 vi.
1254 3682 1284 3736 F.
1304 3682 1338 3736 R.
1427 3680 1452 3749 ι)
1470 3680 1496 3734 «i

404 3769 411 3780 ³
611 3771 632 3839 ⁵)
652 3769 681 3825 ῖό
702 3793 747 3842 πρ.
768 3768 824 3826 τόδ.
844 3792 867 3825 κ.
889 3769 945 3826 τόδ.
965 3770 1010 3824 Vi.
1029 3771 1059 3824 F.
1078 3771 1112 3824 R.
1258 3771 1279 3840 ο)
1298 3771 1431 3832 ..mvi
1449 3771 1496 3824 R:

509 3897 515 3910 .
645 3858 666 3926 7)
685 3860 724 3912 ita
743 3873 777 3912 ex
796 3858 831 3928 ej.
850 3859 896 3913 R.:
920 3861 1017 3920 -θεὶς
1035 3858 1079 3913 Vi.
1099 3859 1132 3912 R.
1151 3857 1281 3927 -θήσεις
1298 3859 1334 3912 Μ.
1353 3859 1397 3913 F1.
1417 3867 1497 3914 -θει

425 3987 430 3998 .
538 3944 560 4012 ⁸)
579 3949 637 4017 λέγ.
658 3946 695 4002 ἔκ.
717 3947 761 4001 Vi.
781 3947 811 4000 F.
830 3948 864 4001 R.
885 3948 923 4004 ἔκ.
943 3969 1001 4020 κυρ.
1021 3950 1078 4018 λίχ.
1097 3949 1141 4000 Ll.
1255 3946 1277 4015 9)
1296 3951 1382 4003 -ίαν
1399 3947 1443 4001 Vi.
1462 3947 1496 4000 R.

379 4032 413 4101 ¹⁰)
432 4035 464 4089 ὑὲ
481 4033 526 4086 Vi.
547 4033 580 4088 G.
690 4037 723 4103 11)
744 4033 835 4108 ἒνίχλ.
855 4036 900 4093 Vi.
918 4036 949 4089 F.
968 4037 1001 4089 R.
1084 4035 1119 4103 ¹2]
1138 4037 1178 4090 ita
1196 4051 1230 4090 ex
1249 4036 1284 4106 ej.
1297 4037 1331 4090 R.
1351 4051 1403 4104 pro
1421 4036 1497 4104 uulg.

377 4123 463 4191 ἑαυτ,
483 4121 558 4191 quod
576 4126 667 4177 tamen
685 4124 752 4178 ferri
768 4129 874 4192 posset.
984 4125 1250 4198 13)τιι’ν.ἐωρ.1ιῦ.
1355 4125 1389 4194 ¹⁴)
1408 4123 1434 4178 (ί
1452 4124 1497 4177 Ιθ.
