3298 5322
601 391 840 454 -402—

164 563 367 647 praeteritum
402 583 525 644 quoque
560 571 683 648 tempus
718 565 883 648 respiciat,
919 573 967 630 set
996 565 1090 629 etiam
1126 567 1278 647 quidquid

164 693 340 771 praeterea,
364 697 525 771 perempto
550 709 587 754 eo
613 709 754 772 corpore,
779 690 885 754 damni
908 690 1000 754 nohis
1017 690 1157 754 adlatum
1172 691 1275 772 fuerit,
1373 743 1376 748 .

164 811 197 875 id
220 812 252 874 in
275 813 523 877 aestimationem
548 814 665 878 uenire.
707 820 741 878 ut
763 834 850 878 ecce:
875 834 999 878 seruum
1023 835 1126 878 meum
1141 816 1276 880 moriens

165 936 291 1018 quidam
314 937 460 1002 heredem
483 938 624 1020 instituit,
649 939 702 1019 qui
717 937 922 1002 hereditatem
938 957 1009 1002 meo
1026 938 1114 1002 iussu
1136 938 1276 1003 aditums

164 1067 196 1124 ct
224 1061 300 1126 mihi
330 1061 527 1142 quaesiturus
556 1069 640 1144 crat,
670 1069 838 1142 antequam
866 1081 941 1126 nero
970 1063 1003 1125 id
1030 1062 1133 1143 ficret,
1163 1063 1276 1143 aliquis
1314 1077 1328 1126 5

162 1184 244 1248 hunc
268 1204 392 1249 seruum
415 1185 536 1249 occidit.
583 1185 656 1265 quia
678 1186 796 1249 idcirco
824 1185 1031 1250 hereditatem
1062 1186 1184 1267 amitto,
1213 1206 1276 1251 non

163 1309 264 1372 solnm
288 1309 340 1389 qni
363 1309 477 1374 occidit
500 1309 532 1373 in
555 1309 695 1393 corporis
719 1309 983 1391 aestimationem,
1010 1309 1055 1373 uti
1078 1309 1194 1374 dictum
1218 1317 1274 1392 est,

164 1432 429 1516 condemnabitur,
452 1439 500 1497 set
516 1433 611 1497 etiam
627 1433 820 1514 hereditatis,
845 1454 939 1514 qnam
964 1433 1065 1497 amisi.
1100 1433 1202 1498 simile
1219 1435 1275 1498 ali·

163 1556 237 1636 quid
261 1556 293 1621 in
315 1556 374 1622 hac
398 1576 522 1640 quoque
546 1558 652 1640 specie
676 1557 799 1622 accidit.
838 1558 865 1622 si
889 1558 958 1638 quis
981 1558 1088 1640 iugum
1112 1558 1275 1639 mularum,

162 1701 244 1762 quae
275 1682 335 1746 sihi
362 1681 496 1746 inuicem
529 1682 646 1746 similes
680 1689 786 1747 essent
816 1690 850 1746 ‘et
882 1684 921 1747 ob
951 1681 983 1745 id
1013 1682 1143 1746 maioris
1170 1682 1273 1764 pretii,
1296 1696 1328 1746 10

161 1806 306 1870 habuerit
336 1807 420 1889 (nam
449 1806 573 1886 si'qnis
596 1813 759 1887 utramque
788 1807 1001 1888 aestimasset,
1026 1793 1081 1870 db
1108 1826 1275 1871 aureorum

162 1949 269 1996 earnm
297 1930 473 1994 aestimatio
502 1931 723 2013 colligebatur,
753 1931 781 1994 si
803 1950 885 1995 uero
904 1931 1101 2011 altemtram,
1130 1929 1274 2012 singulae

161 2041 189 2117 l]
213 2054 317 2118 aureis
334 2054 604 2137 aestimabantur),
629 2061 661 2120 et
677 2055 803 2135 quidam
820 2055 1003 2119 alterutram
1028 2055 1186 2134 occiderit,
1211 2073 1274 2118 non

162 2180 263 2243 solum
286 2179 465 2243 alterutrius
489 2179 613 2244 occisae
637 2180 785 2262 pretinm,
815 2185 864 2244 set
891 2185 1011 2243 tantum
1036 2198 1160 2260 quoque
1184 2198 1274 2261 prae·

161 2303 267 2384 stabit,
292 2303 401 2383 quanti
424 2289 504 2384 quae
528 2310 672 2388 superest
695 2303 872 2386 depretiata
896 2310 953 2386 est,
978 2303 1060 2367 idest
1083 2323 1196 2368 aureos
1219 2289 1272 2366 O—Ir
1293 2314 1325 2366 15

160 2429 235 2492 item
259 2428 286 2492 si
309 2427 378 2508 quis
405 2447 555 2509 equorum
577 2428 694 2493 habeat
722 2428 923 2510 quadrigam,
952 2447 1081 2508 quorum
1110 2433 1273 2510 praestan·

159 2552 313 2616 tissimum
337 2551 463 2632 qnidam
480 2552 612 2632 occidat,
641 2552 694 2632 qui
717 2551 936 2635 pretiosiorem
961 2556 1059 2616 totam
1087 2550 1273 2632 quadrigam

158 2676 271 2757 faciat3
297 2676 348 2740 uel
371 2676 399 2740 si
422 2677 491 2756 quis
515 2676 697 2741 comoedum
720 2676 838 2740 habeat
854 2676 983 2756 eiusque
1004 2675 1196 2756 histrionem,
1220 2674 1273 2754 qui

159 2801 247 2864 illum
280 2807 410 2864 exornet
441 2805 535 2880 atque
564 2801 596 2863 in
624 2800 705 2863 ludis
734 2800 890 2864 adsistens
918 2798 1123 2882 spectabilem
1149 2797 1271 2879 reddat,

160 2932 191 2990 et
215 2925 341 3008 quidam
363 2927 444 2990 hunc
467 2926 649 2990 histrionem
673 2925 703 2990 ei
727 2926 867 3007 occidat;
896 2925 928 2989 in
950 2935 1082 3005 utroque
1106 2943 1182 2988 casu
1208 2943 1272 2987 non
1291 2893 1334 2985 20'

160 3050 256 3114 occisi
294 3055 413 3114 tantum
452 3050 717 3131 aestimationem,
764 3057 812 3114 set
849 3056 970 3114 tantum
1010 3049 1120 3130 etiam,
1163 3047 1272 3128 quanti

104 3186 147 3237 11.
160 3173 352 3256 depretiatus
383 3181 443 3256 est,
471 3173 525 3254 qui
547 3181 705 3257 superest,
739 3173 923 3257 praestabit.
976 3177 1023 3239 11.
1047 3172 1196 3237 Liberum
1224 3177 1272 3236 est

159 3303 264 3362 antem
279 3298 376 3363 occisi
391 3299 475 3364 serui
491 3298 616 3362 domino
639 3298 763 3382 priuato
780 3297 905 3379 iudicio,
930 3297 1012 3361 idest
1027 3296 1108 3379 legis
1124 3295 1271 3377 aquiliae,

159 3441 255 3504 agere
272 3429 303 3486 et
323 3423 469 3486 damnum
492 3423 553 3486 sihi
575 3422 706 3487 inlatum
721 3422 878 3506 persequi.
912 3421 1019 3486 facere
1036 3426 1140 3485 autem
1156 3419 1272 3504 poterit

158 3552 325 3630 praeterea
343 3546 462 3630 publici
477 3545 614 3633 criminis
637 3567 724 3610 rcum
748 3565 788 3610 ex
810 3547 883 3628 lege
904 3545 1052 3610 Cornelia
1076 3544 1114 3609 de
1138 3543 1271 3609 sicariis.
1290 3559 1325 3610 25

157 3689 221 3734 non
254 3671 334 3735 enim
371 3671 496 3754 priuata
532 3671 656 3735 actione
686 3670 764 3735 inita
802 3669 961 3753 publicam
999 3669 1162 3751 extinguit
1219 3667 1270 3732 hic
