3384 5314
596 435 835 495 -478—

159 607 334 671 dominum:
371 613 402 670 et
436 613 567 688 uterque
602 616 741 672 nostrum
780 608 821 670 ad
859 607 1060 690 semetipsum
1104 607 1274 670 dominium

157 732 327 795 referebat.
362 732 489 796 tandem
509 751 569 813 ego
594 732 638 795 ita
661 733 781 796 locutus
798 753 881 796 sum:
907 733 997 796 ‘site
1022 731 1179 795 dominum
1205 751 1274 796 esse

159 856 334 936 existimas,
365 877 425 938 ego
454 877 578 920 seruum
606 858 767 939 possideo:
798 858 921 921 actione
942 858 974 920 in
994 877 1060 921 rem
1080 875 1201 921 mecum
1223 877 1274 920 ex·

158 981 271 1062 perire,
297 987 328 1044 et
351 981 378 1042 si
395 981 442 1043 ius
458 985 544 1043 tuum
560 981 755 1061 probaueris,
781 1000 906 1043 seruum
922 981 1075 1044 habebis'.
1115 982 1225 1044 eadem
1242 987 1275 1043 tu

159 1126 281 1187 quoque
316 1105 439 1168 aiebas:
481 1109 550 1185 ‘ego
587 1105 712 1184 quidem
745 1106 906 1188 possideo,
945 1112 978 1168 tu
1014 1116 1117 1170 autem
1153 1126 1274 1168 mecum
1312 1117 1328 1168 5

159 1231 283 1294 actione
316 1231 348 1292 in
375 1250 440 1293 rem
465 1230 627 1312 experire'.
683 1238 714 1293 et
746 1251 816 1294 cum
845 1232 883 1294 dc
912 1232 1049 1294 dominio
1086 1232 1275 1294 contendere

159 1356 368 1438 coeperimus,
401 1356 442 1418 ad
465 1356 675 1436 possessionis
700 1356 915 1434 quaestionem
944 1356 1134 1420 deuenimus.
1182 1375 1275 1434 quae-

159 1481 289 1544 rendum
309 1488 357 1545 est
373 1482 468 1562 igitur
484 1490 515 1545 et
539 1482 778 1561 decernendum,
804 1489 872 1545 uter
895 1502 979 1545 reus
1004 1483 1053 1562 sit,
1078 1488 1147 1545 uter
1170 1488 1273 1545 autem

159 1610 274 1669 actor.
327 1625 429 1686 neque
458 1607 540 1669 enim
569 1606 654 1669 ciuili
682 1625 783 1686 neque
812 1607 947 1670 naturali
976 1607 1098 1670 ratione
1126 1607 1275 1669 indicium

158 1729 313 1811 procedit,
348 1730 409 1793 nisi
444 1737 564 1794 constet
596 1731 666 1812 quis
701 1737 789 1793 actor
817 1737 848 1793 et
876 1731 945 1810 quis
973 1751 1045 1794 reus
1074 1731 1129 1794 sit:
1165 1731 1277 1793 melior
1296 1737 1330 1788 10

159 1859 262 1917 autem
287 1855 319 1916 in
343 1854 467 1918 iudiciis
490 1855 537 1918 rei
561 1855 704 1918 condicio
729 1876 822 1936 quam
846 1855 962 1917 actoris
991 1875 1114 1936 semper
1143 1862 1198 1918 est.
1245 1863 1276 1918 et

159 1979 230 2042 ideo
269 1979 453 2061 plerumque
492 1980 647 2043 maximae
687 1979 827 2042 oriuntur
865 1979 1098 2042 controuersiae
1132 1979 1170 2041 de
1206 1979 1276 2061 ipsa

159 2103 374 2185 possessione,
404 2104 487 2186 apud
510 2110 611 2166 utrum
636 2123 675 2166 ea
698 2104 746 2166 sit.
792 2103 988 2166 commodum
1020 2109 1123 2166 autern
1152 2124 1275 2184 posses·

160 2227 257 2291 sionis
280 2228 312 2290 in
337 2247 374 2291 e0
404 2234 465 2308 est,
503 2228 599 2307 quod,
635 2229 709 2292 licet
727 2248 786 2292 ¹res
815 2228 991 2310 possessori
1019 2247 1081 2290 non
1108 2229 1274 2309 pertineat,

159 2357 264 2415 tamen
288 2353 315 2416 si
338 2359 427 2416 actor
451 2353 617 2416 ostendere
641 2359 778 2432 nequeat
801 2353 970 2415 dominium
999 2353 1060 2416 sibi
1087 2360 1275 2434 competere,
1297 2365 1329 2416 15

158 2496 232 2540 reus
261 2477 347 2540 litem
377 2476 486 2557 uincit,
520 2477 654 2557 ideoque
683 2496 752 2539 cum
781 2477 962 2558 ambigitur,
992 2483 1092 2538 utrum
1121 2483 1208 2539 actor
1235 2497 1276 2538 an

159 2621 231 2664 reus
255 2601 397 2664 dominus
414 2601 463 2680 sit,
488 2600 657 2664 seeundum
673 2620 759 2663 reum
779 2601 935 2664 sententia
958 2602 1127 2682 protertur:
1152 2620 1276 2682 semper

94 2728 97 2738 '
160 2725 242 2789 enim
271 2727 386 2790 actoris
415 2726 635 2809 probationum
664 2725 825 2790 infirmitas
854 2726 939 2808 (nam
965 2726 994 2787 ei
1017 2725 1173 2806 probandi
1198 2745 1276 2788 onus

106 2863 148 2912 ra.
160 2850 323 2934 incumbit)
347 2870 401 2913 reo
430 2849 594 2913 uictoriam
617 2857 717 2932 parat.
775 2854 830 2914 4a.
853 2850 941 2913 Haec
969 2849 1066 2930 igitur·
1094 2849 1154 2911 dno
1183 2849 1276 2912 inter·

160 2973 245 3037 dicta
267 2974 490 3038 retinendae
518 2974 777 3056 possessionis
806 2994 904 3037 causa
927 2979 1110 3055 comparata
1134 2980 1218 3036 sunt:
1244 2973 1276 3035 in
1295 2984 1330 3037 20

160 3118 198 3162 eo
231 3105 335 3162 autem
367 3097 525 3178 differunt,
565 3098 648 3178 quod
679 3097 876 3161 interdictum
914 3097 968 3160 uti
1006 3097 1212 3179 possidetis
1244 3097 1275 3159 in

160 3224 253 3286 rebus
287 3221 361 3302 soli,
398 3221 495 3284 ueluti
527 3221 623 3284 fundo
658 3229 688 3284 et
721 3221 867 3300 aedibus,
903 3222 1007 3284 locum
1035 3221 1144 3300 habet,
1181 3221 1275 3284 inter-

162 3347 278 3410 dictum
302 3353 406 3410 antem
424 3346 551 3408 utrubi
574 3346 607 3408 in
622 3345 797 3409 mobilibus.
836 3346 933 3408 uincit
950 3351 1054 3409 autem
1078 3345 1132 3408 uti
1155 3345 1276 3427 possi-

161 3471 260 3550 detis
284 3471 448 3535 interdicto
478 3471 623 3552 quisine
651 3470 728 3534 uitio
752 3477 825 3534 tune
848 3471 998 3552 temporis
1021 3469 1176 3552 possidet,
1205 3490 1275 3533 cum

161 3604 287 3678 praetor
310 3595 508 3660 interdictum
532 3594 595 3678 dat,
622 3595 704 3659 idest
726 3615 795 3658 neo
818 3595 858 3657 ui
881 3615 948 3658 nec
977 3595 1072 3658 clam
1099 3614 1165 3658 nec
1194 3614 1276 3676 pre·
1295 3609 1329 3662 25

161 3721 265 3784 cario
301 3722 346 3782 ab
381 3720 616 3784 aduersario.
663 3741 735 3782 nam
764 3720 804 3799 si,
834 3719 897 3783 alio
921 3719 953 3782 ui
982 3717 1118 3799 deiectu,
1147 3718 1276 3782 fundum
