3328 5318
597 357 836 419 -448—

162 530 302 593 debitum
319 549 381 593 non
397 530 556 612 repetitur.
592 550 747 609 quaenam
764 550 840 594 uero
857 531 897 594 sit
912 531 993 595 ratio
1010 531 1114 595 dicere
1136 539 1272 614 oportet:

159 655 240 718 ratio
265 661 371 718 autem
387 655 466 718 haec
483 660 539 718 θεῖ.
575 675 644 718 cum
661 655 812 718 ordinarii
830 655 915 719 serui
932 655 1089 738 peculium
1105 656 1273 721 aestimare

159 779 304 842 uolumus
329 785 506 842 ceterarum
529 797 632 842 rerum
652 779 755 861 pretia
775 784 992 861 computantes
1013 780 1125 843 uicarii
1148 801 1272 861 qnoque

159 903 410 966 aestimationem
435 903 587 998 addimus
602 908 633 966 et
656 903 715 966 hoc
738 903 831 966 modo
855 903 1031 967 iudicamus
1054 909 1174 967 tantam
1192 873 1271 969 ‘esse

157 1027 274 1109 peculii
298 1027 513 1108 quantitatem.
553 1047 635 1108 quae
659 1047 729 1090 cum
753 1027 798 1090 ita
821 1027 892 1108 sint,
917 1047 980 1090 non
1003 1033 1107 1110 potest
1123 1028 1270 1110 uicarins,
1309 1043 1324 1094 5

157 1151 246 1214 cuius
266 1151 442 1215 aestimatio
466 1152 623 1234 peculium
640 1158 744 1232 auget,
769 1151 801 1213 id
817 1151 956 1214 minuere
971 1157 1099 1233 propter
1116 1171 1164 1233 ea,
1189 1173 1270 1234 quae

156 1276 186 1338 ei
210 1275 371 1354 debentur,
395 1294 435 1338 ne
459 1253 542 1339 iiiem
565 1276 656 1339 homo
674 1275 852 1339 inueniatur
869 1275 929 1339 duo
947 1275 1085 1340 efficiens
1102 1277 1269 1358 contraria,

156 1420 277 1482 augens
310 1401 454 1462 nimirum
482 1407 514 1463 et
540 1401 683 1463 minuens
718 1400 882 1482 peculium.
934 1399 1016 1463 idem
1045 1405 1092 1464 est
1121 1397 1214 1464 etiam
1243 1401 1270 1464 si

154 1525 247 1604 filius,
272 1525 326 1604 qui
349 1525 380 1587 in
403 1530 458 1588 tua
481 1530 528 1588 est
551 1531 715 1606 potestate,
739 1543 865 1588 seruum
880 1525 913 1587 in
929 1545 985 1588 suo
1002 1525 1125 1606 peculio
1142 1526 1267 1606 habeat,

155 1650 210 1730 qui
233 1650 442 1732 peculiaris
474 1650 601 1731 dicitnr,
631 1655 663 1713 ct
686 1651 712 1713 is
736 1649 811 1712 mihi
835 1648 859 1712 C
883 1668 996 1713 aureos
1025 1649 1147 1712 debeat.
1198 1665 1321 1716 cum10

156 1794 231 1838 uero
256 1775 432 1838 aestimatio
457 1776 524 1838 eius
544 1775 660 1857 peculii
678 1773 702 1836 O
719 1794 885 1838 aureorum
909 1774 958 1854 sit,
983 1774 1078 1838 debet
1093 1773 1267 1856 peculiario

155 1918 246 1996 seruo
270 1919 384 1962 aureos
409 1898 440 1962 C.
483 1899 577 1962 etiam
601 1899 651 1962 hic
667 1898 799 1962 dicimus
823 1898 886 1961 tale
911 1897 1050 1962 debitum
1066 1919 1129 1962 non
1145 1897 1267 1979 deduci,

153 2042 193 2086 ne
217 2023 385 2104 peculiaris
410 2043 535 2103 sennua,
561 2024 615 2103 qui
637 2023 693 2086 filii
716 2023 762 2085 tui
784 2023 941 2107 peculium
966 2037 1022 2086 sua
1047 2021 1266 2086 aestimatione

153 2152 261 2229 auget,
285 2148 317 2210 id
340 2149 474 2228 minuat,
503 2153 631 2230 propter
655 2168 707 2228 ea,
734 2167 815 2228 quae
840 2147 869 2210 ei
892 2147 1079 2210 naturaliter
1102 2147 1264 2226 debentur,

153 2278 184 2334 et
214 2273 296 2336 idem
325 2273 415 2336 homo
444 2273 623 2336 inueniatur
652 2272 713 2336 duo
743 2272 900 2335 contraria
927 2273 960 2334 in
988 2271 1098 2335 eodem
1127 2271 1265 2335 efficiens
1287 2285 1318 2336 15

116 2396 283 2478 oiudicio,
313 2417 433 2478 augens
462 2397 606 2460 nimirum
634 2403 665 2460 et
695 2397 837 2460 minuens
865 2396 1032 2478 peculium.
1078 2400 1107 2462 5.
1131 2397 1179 2458 Ex
1206 2397 1263 2471 hio,

151 2541 232 2600 quae
257 2521 400 2602 diximus
424 2521 523 2600 liquet
538 2522 645 2604 plures
662 2540 732 2584 esse
749 2521 899 2602 actiones,
925 2521 1037 2602 quibus
1056 2521 1089 2583 in
1105 2520 1263 2584 dominum

150 2647 287 2728 experiri
316 2665 483 2728 possumus
515 2666 622 2710 eorum
650 2645 787 2725 nomine,
817 2664 899 2725 quae
924 2666 944 2708 a
972 2645 1072 2708 seruis
1102 2645 1263 2708 debentur.

149 2776 198 2834 est
237 2770 319 2833 enim
359 2771 471 2851 ‘quod
505 2770 632 2850 inssu',
673 2776 720 2833 θεῖ
758 2769 972 2850 institoria,
1017 2769 1261 2849 exercitoria,

147 2895 369 2976 tributaria,
406 2896 449 2959 de
484 2895 635 2978 peculio
665 2894 745 2958 siue
774 2877 817 2958 de
845 2894 881 2956 in
908 2913 983 2957 rem
1019 2913 1138 2956 uerso.
1189 2893 1317 2956 licet20

148 3027 254 3082 autem
282 3021 408 3101 cuique,
439 3021 555 3084 omissa
579 3019 672 3100 ‘quod
700 3019 796 3082 iussu'
826 3019 960 3099 actione,
995 3018 1047 3080 uel
1075 3017 1262 3081 exercitoria

147 3144 199 3206 uel
228 3144 383 3208 institoria
414 3145 455 3207 ad
484 3145 640 3207 actionem
669 3145 708 3207 de
732 3143 856 3226 peculio
880 3143 1023 3206 transire.
1081 3163 1151 3206 cum
1179 3143 1261 3205 enim

147 3268 305 3348 generalis
330 3269 370 3332 sit
393 3269 474 3332 actio
499 3268 537 3331 de
561 3269 696 3350 peculio,
724 3269 794 3331 uice
818 3269 955 3331 omnium
979 3267 1120 3330 exerceri
1143 3271 1259 3348 potest:

143 3391 220 3455 illae
245 3393 327 3455 enim
351 3392 506 3475 speciales
534 3399 619 3473 sunt,
648 3392 720 3475 ipsa
746 3392 912 3473 generalis.
964 3390 1076 3454 stultus
1106 3410 1183 3454 uero
1212 3394 1260 3452 est

549 3575 562 3610 t

196 4214 289 4264 Theonis.
305 4216 416 4255 Antecess.
432 4225 473 4254 reo.
488 4213 575 4253 Ferrini.
