3154 5338
536 409 767 474 ..323-

102 613 165 660 cum
186 579 360 659 sermonem
382 613 440 675 per
465 594 755 676 interpretationem
777 593 954 660 transferri:
983 598 1105 660 ceterae
1136 611 1213 664 uere

101 713 375 792 transferebantur,
391 714 491 778 ueluti
505 714 563 778 hoc
579 713 688 779 modo:
715 715 965 797 »promittisl
980 713 1214 795 promitto«,

99 835 272 917 λμολογεὶς;
304 833 464 916 ὁμολογῶ,
503 832 781 915 »fidcipromittisl
818 833 1085 915 lideipromittm,
1120 833 1217 902 aloru

97 951 241 1030 κελεύεις;
269 950 363 1016 πίστει
394 952 522 1030 κελεύω,
559 953 688 1018 »dabisl
716 953 828 1026 dabo«,
852 953 981 1032 driccam
1010 952 1117 1031 δώσω,
1154 951 1217 1017 »fa-

98 1071 176 1136 cies?
195 1069 339 1149 faciam«,
363 1071 518 1156 ποιήσεις;
544 1073 670 1158 ποιήσω.
705 1071 748 1136 Et
769 1071 845 1136 nihil
866 1072 1019 1136 intererat
1041 1075 1149 1138 utrum
1171 1070 1216 1138 la·
1234 1085 1250 1133 a

96 1189 158 1254 tina
186 1209 227 1254 an
256 1209 371 1272 graeca
399 1190 451 1254 uel
479 1190 592 1272 queuis
622 1189 684 1254 alia
706 1190 828 1271 lingua,
858 1190 958 1256 ueluti
981 1190 1132 1273 Syrorum
1159 1210 1215 1256 seu

95 1310 328 1392 Aegyptiorum,
350 1309 512 1390 stipulatio
534 1310 759 1391 conciperetur,
783 1309 901 1375 scilicet
920 1328 991 1376 cum
1006 1315 1139 1394 uterque
1162 1311 1218 1376 sti.

94 1430 268 1511 pulantium
290 1447 329 1494 ea
357 1447 440 1510 quae
469 1429 649 1494 dicerentur
670 1434 778 1511 posset
803 1429 994 1510 intellegere.
1039 1448 1144 1511 neque
1165 1449 1218 1498 ne-

94 1567 175 1614 cesse
189 1555 260 1614 erat
270 1549 380 1615 eadem
391 1549 498 1630 lingua
509 1554 679 1630 utrumque
691 1549 747 1627 nti,
760 1554 810 1614 set
820 1549 996 1616 sufficiebat
1006 1549 1033 1614 si
1045 1567 1217 1628 congruen-

94 1673 140 1733 ter
154 1669 196 1734 ad
212 1670 491 1751 interrogationem
506 1669 759 1750 responderetur.
794 1674 831 1733 ut
852 1687 923 1734 ecce
938 1669 965 1734 si
980 1687 1030 1734 me
1052 1669 1098 1733 ita
1119 1669 1215 1735 inter·
1239 1683 1269 1734 ιο

93 1789 269 1870 rogaueris:
292 1791 574 1886 ¹»promittis'lr
600 1810 729 1874 possum
752 1791 956 1873 respondere3
984 1793 1142 1876 ὑμολογῶ;
1164 1791 1216 1856 uel

93 1905 201 1976 contra
230 1911 257 1975 si
285 1931 336 1977 me
364 1912 409 1976 ita
438 1912 699 1994 interrogaueris:
728 1913 903 1993 ὁμολογεῖς;
931 1930 1061 1994 possum
1086 1929 1215 1994 respon·

93 2029 176 2096 dere:
205 2031 453 2112 »promitto«.
497 2033 636 2100 Possunt
657 2051 733 2098 uero
756 2036 788 2097 et
811 2031 873 2096 duo
896 2031 1008 2098 Graeci
1041 2031 1140 2098 latina
1161 2031 1218 2096 lin-

92 2167 152 2229 gua
173 2150 346 2216 uerbomm
374 2151 596 2232 obligationem
619 2151 818 2229 contrahere,
842 2151 943 2216 ueluti
974 2153 1218 2233 »promittisl

91 2269 315 2350 promitto«.
360 2269 445 2335 Haec
473 2276 580 2335 autem
608 2271 771 2336 sollemnia
797 2271 897 2335 uerba
925 2271 999 2335 clim
1028 2271 1154 2353 quidem
1181 2273 1214 2336 in
1240 2279 1269 2334 rt

91 2407 148 2452 usu
181 2387 329 2467 fuerumt3
362 2394 473 2470 postea
506 2409 582 2454 uero
613 2390 726 2454 Leonis
760 2389 942 2455 constitutio
972 2391 1213 2473 stipulationum

91 2509 254 2573 sollemnia
276 2508 375 2573 uerba
396 2509 541 2586 sustulit,
572 2526 699 2574 sensum
721 2513 754 2573 et
775 2515 998 2574 consonantem
1020 2509 1214 2574 intellectum

90 2627 127 2692 ab
155 2634 296 2710 utraque
323 2633 415 2710 parte
445 2628 643 2706 desiderans,
678 2628 767 2693 nulla
793 2628 963 2694 uerborum
993 2629 1214 2695 obseruatione

57 2759 76 2808 a.
92 2749 253 2830 requisita.
300 2750 328 2812 2.
359 2747 585 2830 stipulationes
615 2766 692 2812 uero
721 2752 778 2812 aut
806 2766 884 2829 pure
913 2752 968 2812 aut
997 2748 1029 2812 in
1058 2747 1140 2814 diem
1162 2752 1219 2814 aut

90 2869 147 2933 snb
170 2868 355 2934 condicione
376 2867 465 2934 fiunt.
510 2887 604 2950 pure
625 2867 738 2932 ueluti:
762 2867 812 2932 CC
835 2885 979 2932 aureos
1001 2866 1099 2933 mihi
1121 2867 1218 2932 dare
1235 2889 1269 2940 ao

90 2988 287 3069 spondes?
315 3007 353 3052 ex
379 3007 443 3069 qna
472 2987 675 3068 stipulatione
705 2986 814 3052 statim
842 2986 953 3067 petitio
983 2987 1132 3052 nascitur.
1177 2986 1217 3050 in

90 3105 204 3184 diem,
234 3125 306 3171 cum
335 3106 401 3172 dics
432 3106 567 3171 adicitur
589 3105 800 3187 stipulationi,
824 3123 886 3186 quo
908 3106 1041 3187 pecunia
1062 3105 1215 3183 soluatur,

90 3227 205 3292 ueluti:
249 3225 402 3291 »decem
436 3244 576 3291 aureos
610 3225 801 3307 proximis
839 3224 1024 3290 kalendis
1062 3223 1217 3290 martiis

90 3345 180 3410 mihi
205 3346 298 3410 dare
320 3345 535 3426 spondeat«
561 3345 595 3409 id
617 3349 732 3422 nutem,
756 3344 886 3426 quodin
910 3343 993 3409 diem
1015 3343 1213 3426 stipudamnr,

90 3467 200 3532 statim
224 3465 353 3547 quidem
375 3463 523 3541 debetur,
549 3468 598 3528 set
619 3463 684 3544 peti
705 3464 794 3544 prius
816 3481 912 3544 quam
934 3463 1042 3528 ueniat
1064 3462 1130 3528 dies
1152 3480 1215 3527 non
1234 3477 1268 3528 25

91 3589 208 3666 potest,
234 3603 270 3649 ac
291 3603 332 3649 ne
353 3602 390 3649 eo
412 3585 481 3666 ipso
501 3582 627 3664 quidem
643 3581 848 3648 kalendarum
871 3581 930 3661 die,
954 3586 1041 3648 totus
1064 3582 1146 3650 enim
1167 3581 1218 3647 hic

92 3704 216 3771 diesin
241 3705 373 3770 arbitrio
401 3701 615 3786 promittentis
643 3706 705 3778 est,
736 3719 776 3766 an
806 3701 928 3766 soluere
954 3701 1040 3766 uelit.
1086 3701 1218 3767 sienim

92 3832 218 3908 septem
240 3826 292 3890 uel
306 3831 378 3891 octo
393 3823 489 3889 horae
504 3823 588 3888 illius
611 3822 673 3888 diei
693 3821 819 3904 elapsae
834 3819 959 3899 luerint,
983 3839 1041 3887 nec
1062 3840 1136 3886 reus
1157 3821 1218 3888 sol·

91 3945 185 4023 uerit,
211 3945 353 4010 nondum
375 3945 407 4008 in
429 3961 519 4008 mora
532 3941 719 4022 intelligitur
734 3959 811 4018 esse,
835 3959 906 4005 cum
927 3941 1028 4022 possit
1049 3941 1144 4005 etiam
1167 3939 1219 4004 de·

91 4067 173 4132 eima
198 4067 281 4136 hora
301 4067 434 4134 soluere.
467 4069 542 4129 tunc
565 4081 640 4128 uero
663 4061 695 4126 in
716 4080 806 4126 mora
827 4080 896 4126 esse
917 4060 1054 4139 uidetur,
1078 4078 1150 4126 cum
1171 4063 1220 4124 to-
1235 4065 1273 4115 ³⁰

91 4195 143 4254 tus
177 4189 248 4253 dies
275 4187 395 4270 primus
424 4183 631 4250 kalendamm
659 4181 844 4246 martiarum
872 4181 1049 4258 transierit,
1078 4179 1155 4244 nihil
1181 4197 1220 4244 eo
