3298 5322
549 425 791 487 *417-

110 620 172 680 que
188 600 221 662 in
235 600 331 663 rebus
346 599 597 682 incorporalibus
620 618 683 663 non
698 599 782 662 idem
801 599 994 664 confessorie
1019 605 1050 663 et
1065 602 1230 682 negatorie

108 724 257 805 intendit;
286 729 335 788 set
362 723 554 788 confessorie
582 723 624 804 is,
658 723 712 802 qui
743 723 804 787 sibi
830 723 879 788 ius
909 730 1102 806 competere,
1132 725 1231 789 ueluti

108 849 338 914 usumfructum
358 855 412 913 aut
433 849 615 914 seruitutem
633 849 666 912 in
684 869 719 912 re
736 849 851 930 aliena,
874 849 1048 930 contendit3
1065 850 1231 930 negatorie

110 980 217 1036 autem
241 973 273 1036 in
295 993 362 1037 rem
378 973 445 1055 agit
460 973 549 1036 tundi
564 973 616 1036 uel
640 973 765 1036 aedium
785 973 937 1054 dominus
963 974 1158 1037 contendens
1182 975 1231 1038 ius

109 1097 219 1162 utendi
242 1097 366 1161 fruendi
390 1103 444 1161 aut
467 1097 515 1161 ius
539 1097 699 1160 seruitutis
723 1097 755 1160 in
779 1097 912 1160 aedibus
930 1097 1069 1161 tundoue
1095 1117 1153 1161 suo
1178 1097 1231 1161 ad·
1257 1109 1284 1164 ,5

110 1222 254 1285 uersario
277 1242 340 1285 non
363 1241 442 1285 esse.
489 1227 671 1286 curantem
696 1222 889 1286 confessorie
913 1222 945 1284 in
963 1222 1060 1285 rebus
1085 1240 1232 1303 corpora-

109 1347 194 1409 libus
223 1365 319 1427 agere
346 1365 526 1428 possumus;
556 1346 720 1426 negatorie
748 1352 854 1409 autem
883 1366 946 1409 non
974 1345 1105 1424 utique?
1150 1345 1231 1408 ratio

110 1476 218 1534 autem
245 1469 324 1533 haec
353 1475 409 1532 est.
456 1469 589 1549 quisque
625 1489 723 1550 agens
757 1470 922 1534 uictoriam
957 1469 1018 1532 sibi
1047 1488 1231 1551 comparare

111 1595 208 1658 debet
232 1613 272 1657 ex
295 1613 332 1657 eo
356 1593 438 1674 iure,
475 1593 558 1673 quod
586 1594 697 1675 habet,
732 1601 766 1657 ut
794 1613 881 1658 ecce:
920 1593 970 1657 »si
998 1600 1109 1675 paret
1136 1593 1231 1655 huno

109 1719 266 1782 fundum
304 1723 421 1781 meum
460 1737 572 1782 esse«.
632 1738 695 1781 non
731 1719 812 1781 enim
848 1719 907 1781 hcc
941 1717 1034 1780 modo
1070 1716 1286 1802 intenderem

110 1847 230 1925 potest:
256 1842 306 1904 »si
328 1846 439 1924 paret
462 1841 557 1904 hunc
585 1841 739 1904 fundum
768 1841 986 1905 aduersarii
1014 1861 1087 1904 uon
1115 1859 1230 1904 essen

111 1988 186 2030 nam
215 1965 243 2030 si
269 1966 315 2028 ita
342 1965 503 2029 intendere
538 1965 692 2048 coeperit,
720 1965 925 2048 respondebit
953 1965 983 2028 ei
1011 1964 1231 2028 aduersarius:

112 2090 262 2173 »primum
287 2089 412 2170 quidem
436 2089 551 2153 fundus
574 2109 662 2152 meus
687 2097 748 2170 est3
774 2097 822 2153 set
846 2096 877 2178 et
900 2089 928 2152 si
943 2109 1031 2152 meus
1057 2109 1120 2152 non
1137 2093 1232 2167 esset,

113 2214 221 2278 »sicuti
244 2213 302 2293 ais,
327 2232 390 2276 non
413 2213 484 2277 ideo
509 2221 580 2276 tuus
603 2214 698 2294 foret;
723 2233 786 2276 non
810 2213 893 2277 enim
916 2233 1047 2296 prorsus
1073 2213 1119 2294 id,
1150 2210 1234 2293 quod

113 2358 232 2402 ‚meum
255 2359 318 2402 non
342 2343 404 2418 est,
428 2343 516 2401 tuum
541 2344 597 2401 est.
644 2337 671 2400 si
694 2358 770 2419 ergo
797 2358 900 2418 neque
923 2359 1011 2401 meus
1036 2357 1139 2418 neque
1162 2341 1234 2400 tuus
1256 2343 1288 2395 15

112 2462 243 2525 »fundus
268 2470 324 2543 est,
349 2463 451 2544 potior
474 2463 506 2525 in
529 2462 588 2526 hoc
612 2461 727 2525 iudicio
744 2462 908 2525 habendus
925 2483 994 2524 sum
1010 2467 1142 2544 propter
1158 2459 1234 2523 iuris

113 2587 287 2668 »regulam
312 2605 352 2650 ex
376 2606 439 2667 que
466 2585 592 2668 inpari
620 2605 718 2654 eausa
745 2586 856 2650 melior
884 2590 932 2648 est
960 2585 1103 2648 condicio
1134 2583 1234 2666 possi-

113 2711 256 2774 ›dentis‹.
296 2711 374 2774 haec
391 2710 517 2789 quidem
534 2710 683 2774 derebus
700 2709 932 2791 corporalibus:
956 2709 989 2771 in
1005 2708 1103 2772 rebus
1127 2712 1234 2770 autem

112 2833 368 2916 incorporalibus
391 2839 476 2897 recte
500 2833 621 2896 iurem
645 2833 837 2897 confessorie
867 2832 1058 2895 intendimus
1085 2835 1116 2893 et
1138 2849 1234 2911 nega-

112 2959 195 3022 torie
226 2977 351 3039 quoque
381 2957 542 3021 intendere
573 2976 748 3039 possumus.
795 2976 851 3019 cur
881 2962 986 3019 autem
1018 2954 1045 3018 si
1076 2953 1145 3034 quis
1175 2953 1235 3016 hoc
1254 2961 1289 3012 20

114 3103 193 3147 casu
216 3082 379 3163 negatorie
401 3082 515 3145 iurem
532 3088 617 3162 agat,
642 3100 705 3144 non
722 3079 853 3144 dicimus
870 3100 941 3143 eum
957 3079 1040 3141 male
1059 3076 1234 3157 intendere,

115 3227 187 3270 eum
211 3226 275 3270 non
298 3226 354 3270 suo
378 3206 445 3269 iure
469 3205 570 3286 uisne,
600 3212 647 3268 set
670 3204 746 3268 iuris
770 3204 873 3286 potius
897 3202 1022 3266 defectu
1048 3199 1234 3279 aduersarii,

115 3331 177 3395 sibi
201 3331 367 3394 uictoriam
391 3349 575 3412 comparare
604 3329 728 3392 studet?
769 3328 813 3391 ait
837 3327 936 3391 enim:
962 3326 1012 3390 »si
1041 3330 1151 3407 paret
1178 3324 1236 3386 ius

115 3454 248 3518 utendi
262 3454 413 3518 fruendi
436 3454 496 3518 illi
519 3474 590 3518 non
614 3472 727 3517 esse«.
761 3458 809 3515 set
824 3451 904 3514 ratio
921 3451 1001 3513 haee
1020 3455 1075 3512 est.
1110 3468 1180 3511 cum
1197 3447 1236 3511 de

114 3599 149 3643 re
166 3578 360 3661 incorporali
375 3577 539 3660 negatorie
563 3577 762 3657 intendimus,
787 3576 861 3639 licet
884 3575 990 3656 uerbis
1015 3573 1180 3653 negatorie
1204 3572 1236 3634 in
1256 3580 1289 3632 25

115 3724 182 3768 rem
208 3703 347 3785 agimus,
372 3709 477 3766 tamen
501 3721 614 3785 reapse
639 3700 833 3765 confessoris
857 3700 940 3763 actio
966 3705 1021 3762 est.
1068 3717 1141 3760 nam
1166 3715 1237 3760 cum
