3370 5350
586 429 819 495 -288-

157 617 303 682 sororisue
330 615 426 682 filium
459 615 611 695 tiliamue,
646 622 678 684 et
706 619 927 684 conuenienter
960 624 1107 701 patruum
1140 620 1266 685 amitam

157 737 332 800 auunculam
365 741 576 802 materteram.
625 743 795 818 patruus
825 737 938 803 dicitur
959 738 1058 818 patris
1087 737 1184 804 irater
1213 739 1267 820 qui

156 873 255 934 graece
288 855 452 938 »πάτρωςι
489 861 629 920 uocatur.
686 856 906 921 auunculus
941 855 1050 921 matris
1084 856 1181 922 frater
1213 859 1266 940 qui

69 1019 71 1030 .
155 975 227 1053 apud
250 973 387 1040 Graecos
408 974 534 1056 proprie
567 976 731 1061 »pp'rpcoge
764 974 893 1040 dicitur:
923 984 955 1042 et
981 977 1155 1058 promiscue
1183 985 1266 1042 uter·

153 1113 206 1175 que
240 1090 364 1167 »θεῖοςι
400 1093 497 1158 audit.
552 1093 669 1160 amita
697 1101 829 1159 uocatur
857 1093 957 1174 patris
985 1113 1090 1173 soror,
1120 1101 1266 1164 mater·
1300 1103 1316 1154 ὅ

154 1225 230 1282 tera
251 1221 358 1282 autem
381 1217 490 1282 matris
518 1235 621 1283 soror:
653 1223 787 1298 utraque
815 1224 920 1282 autem
952 1214 1059 1278 »θεῖαι
1091 1215 1266 1298 appellatur

118 1347 136 1396 1.
152 1335 196 1400 uel
216 1336 300 1417 apud
323 1337 473 1416 quosdam
500 1333 639 1421 »mite«.
690 1337 720 1400 4.
755 1337 893 1414 Quartus
922 1336 1040 1417 gradus
1068 1334 1266 1416 amplectitur

151 1473 237 1535 supra
259 1455 397 1520 abauum
421 1456 575 1534 abauiam,
599 1455 679 1520 infra
702 1456 888 1537 abnepotem
911 1457 1088 1538 abneptem,
1112 1473 1149 1520 ex
1164 1459 1265 1519 trans-

150 1591 233 1640 uerso
255 1573 364 1638 fratris
391 1593 427 1639 ao
455 1575 571 1640 sororis
599 1581 745 1656 nepotem
773 1579 976 1656 neptemque:
1007 1578 1153 1655 patruum
1180 1591 1264 1654 mag-

149 1712 214 1758 num
236 1695 365 1760 amitam
388 1713 542 1777 magnam,
565 1695 639 1759 item
668 1693 858 1760 auunculum
871 1687 873 1692 ’
888 1711 1033 1776 magnum
1063 1698 1263 1758 materteram
1284 1695 1316 1746 1⁰

149 1831 295 1896 magnam,
319 1815 351 1878 id
373 1820 421 1881 est
444 1816 496 1880 aui
518 1816 670 1894 auiaeque
692 1815 753 1880 mei
775 1813 903 1880 fratrem
927 1832 963 1879 ae
985 1831 1132 1878 sororem.
1162 1819 1210 1878 est
1232 1815 1264 1880 et

148 1935 346 2000 consobrinus
368 1940 400 2000 et
422 1935 617 2009 consobrina,
639 1933 672 1998 id
696 1941 745 2006 est
767 1936 820 2017 qui
843 1951 964 2017 quaeue
986 1953 1024 2000 ex
1042 1932 1191 1998 fratribus
1208 1940 1264 1998 aut

146 2053 300 2118 sororibus
328 2059 583 2134 progenerantur.
635 2053 762 2135 quidam
793 2059 898 2119 autem
927 2058 1069 2116 ueterum
1102 2069 1263 2117 ›conso-

146 2171 302 2238 brinos‹
327 2171 397 2238 ilios
419 2173 544 2255 proprie
572 2173 696 2250 dicunt,
728 2174 780 2255 qui
811 2191 848 2237 ex
878 2172 999 2238 duobus
1030 2170 1190 2236 sororibus
1211 2187 1263 2253 ge·

145 2291 195 2354 niti
215 2293 297 2370 sint,
327 2292 416 2372 quasi
441 2294 789 2358 »consororinosn
818 2310 871 2359 eos
895 2311 980 2372 uero,
1003 2292 1056 2374 qui
1080 2310 1117 2356 ex
1140 2289 1261 2356 duobus
1281 2297 1312 2352 15

144 2408 289 2477 iratribus
324 2410 541 2478 descenderint
582 2411 752 2477 »iratres
781 2411 1018 2494 patrueles‹
1054 2409 1178 2492 proprie
1207 2429 1261 2475 uo·

144 2530 203 2594 cari
225 2531 349 2597 docent.
395 2534 422 2596 si
445 2539 550 2598 autem
578 2551 615 2599 ex
643 2533 764 2598 duobus
790 2532 940 2598 tratribus
969 2529 1050 2596 filiae
1080 2535 1259 2608 naseuntur,

144 2666 205 2714 sese
226 2650 363 2716 inuicem
386 2669 570 2718 »sorores
597 2651 825 2732 patrueles«
852 2657 982 2717 uocant:
1010 2651 1031 2714 ii
1060 2651 1113 2731 qui
1141 2667 1179 2714 er
1200 2647 1261 2714 fra·

186 4319 289 4372 Theoph.
303 4319 413 4362 Antecess·
427 4331 469 4363 rec.
483 4317 571 4360 Fer-nini.

69 5004 1473 5296 m

659 5288 671 5295 ι.
