3384 5314
682 399 920 464 —465-

246 578 303 652 cst,
327 592 429 652 neque
452 573 549 636 ullum
572 573 690 658 lucrum
714 574 787 638 inde
812 573 920 638 heredi
935 580 987 639 tuo
1004 575 1155 657 peruenit.
1189 595 1251 639 non
1274 581 1358 640 tenc-

246 697 329 760 bitur
346 696 458 783 [heres]
478 698 612 780 depositi
629 698 762 779 actione,
780 699 854 762 licet
867 699 1101 780 ‘depositum'
1119 705 1296 764 contractus
1310 699 1357 763 sit.

247 822 397 903 poenales
422 828 527 886 autem
551 823 691 887 actiones
720 825 812 907 (quas
841 824 983 906 superius
1013 823 1147 887 diximus
1171 823 1203 886 in
1226 823 1358 888 heredes

244 966 305 1010 non
334 947 494 1028 trasmitti,
524 947 677 1011 interdum
703 968 778 1012 uero
806 969 846 1012 ne
873 948 1042 1012 heredibus
1071 948 1196 1028 quidem
1226 948 1306 1031 dari)
1332 949 1358 1012 si

244 1071 325 1134 uiuis
348 1071 575 1154 principalibus
598 1073 742 1155 personis
765 1074 881 1138 fuerint
904 1078 1108 1155 contestatae,
1132 1073 1240 1156 procul
1264 1073 1357 1137 dnbio
1396 1086 1410 1134 5

210 1203 233 1253 2.
245 1201 277 1260 et
299 1195 380 1259 inter
402 1196 535 1260 heredes
559 1198 795 1262 exercebuntur.
831 1201 859 1264 2.
876 1198 933 1262 His
951 1218 1031 1278 quae
1048 1197 1087 1261 de
1106 1197 1229 1262 iudiciis
1245 1218 1358 1281 propo·

245 1320 361 1384 suimus
385 1320 462 1384 iilud
490 1341 613 1401 quoque
642 1321 819 1386 addendum
844 1329 899 1386 est.
945 1323 979 1387 si
1003 1329 1076 1387 ante
1100 1343 1166 1386 rem
1189 1299 1358 1386 iudicatam

244 1444 271 1508 is
296 1465 364 1508 cum
389 1465 450 1525 quo
468 1451 571 1509 actum
588 1454 636 1510 est
652 1447 789 1512 debitum
805 1467 1035 1530 recognoscens
1053 1447 1152 1512 actori
1172 1447 1356 1528 satisfaciat,

244 1568 325 1632 idest
348 1569 513 1652 pecuniam
538 1591 593 1634 seu
616 1591 692 1652 rem,
718 1592 799 1651 quae
824 1573 864 1634 ab
889 1591 926 1636 eo
951 1572 1079 1654 petitur,
1103 1572 1261 1652 restituat,
1287 1591 1357 1634 eum

191 1677 194 1686 ‘
244 1693 446 1757 condemnari
469 1715 531 1758 non
555 1703 686 1778 oportet,
712 1695 853 1775 quamuis
877 1696 916 1760 lis
940 1701 1115 1760 contestata
1139 1696 1186 1759 sit.
1221 1716 1355 1775 namque
1378 1707 1409 1756 10

243 1819 345 1882 bonae
363 1819 429 1883 eius
453 1820 607 1884 uoluntati
631 1820 832 1884 subuenimus
856 1826 887 1884 et
911 1820 1138 1886 absolutionem
1165 1820 1354 1902 adsequitur,

242 1942 316 2007 licet
339 1943 445 2008 iudicii
469 1944 645 2027 accipiendi
660 1951 800 2028 ternpore
817 1945 849 2008 in
865 1964 904 2009 ea
921 1965 1017 2009 causa
1033 1945 1134 2027 fuerit,
1159 1951 1192 2008 ut
1212 1945 1354 2008 damnari

243 2067 403 2132 debuisset
433 2075 464 2132 et
491 2069 548 2133 boc
577 2074 625 2133 est
652 2068 736 2149 quod
770 2069 866 2150 uulgo
897 2069 1009 2134 dicitur
1041 2069 1175 2134 ‘omnia
1209 2069 1354 2134 iudicia

242 2193 481 2258 absolutoria
509 2195 619 2276 esse’3
649 2193 730 2258 idest
753 2193 849 2258 licere
877 2193 972 2258 iudici
995 2201 1068 2259 ante
1092 2215 1157 2258 rem
1185 2194 1353 2258 iudicatam

241 2337 338 2401 reum,
363 2318 504 2399 quirem
528 2319 681 2401 restituat,
707 2319 881 2384 absoluere.
1375 2332 1407 2383 15

422 3055 423 3058 ¹
515 3036 564 3134 De
589 3035 833 3118 exceptionibus.
880 3034 1002 3098 Titulus
1030 3037 1079 3099 13.

330 3195 405 3258 Cum
423 3196 461 3259 de
484 3195 660 3258 actionibus
676 3194 924 3276 tractauerimus,
949 3213 1143 3274 consequens
1161 3213 1231 3258 esse
1248 3193 1352 3257 existi-

240 3320 393 3384 manimus
422 3319 461 3384 dc
496 3320 734 3402 exceptionibus
764 3319 933 3402 dispicere,
970 3339 1050 3398 quae
1086 3317 1351 3382 defendendorum

240 3464 345 3509 eorum
369 3444 481 3526 gratia,
507 3465 576 3508 cum
601 3445 712 3524 quibus
737 3445 848 3526 agitur,
874 3451 945 3507 sunt
969 3449 1178 3525 comparatae.
1224 3443 1352 3522 etquid

239 3576 287 3634 est
310 3570 475 3652 exceptio?
498 3569 648 3651 allegatio
673 3590 754 3650 quae
778 3589 832 3632 reo
849 3567 997 3651 competit
1012 3568 1164 3631 aduersus
1186 3567 1350 3646 actionem,

239 3713 335 3774 quae,
365 3714 434 3758 cum
461 3693 529 3757 iure
558 3693 644 3758 ciuili
674 3693 785 3758 efficax
821 3693 873 3774 sit,
910 3693 973 3756 uim
1008 3692 1182 3774 praesefert
1215 3691 1352 3755 naturali
1371 3704 1405 3753 ‘ro

205 3818 391 3900 l.aequitati
420 3818 648 3883 aduersantem.
712 3823 739 3884 1.
760 3817 859 3883 Uerbi
886 3817 990 3900 gratia
1023 3823 1137 3880 metum
1165 3817 1222 3880 tibi
1249 3816 1351 3898 inieci,

185 3962 188 3978 ‘
237 3949 271 4006 ut
294 3943 491 4025 promitteres
515 3943 590 4006 mihi
615 3943 638 4006 O
662 3962 775 4009 aureos
800 3943 886 4023 dare,
911 3947 964 4006 aut
980 3943 1075 4006 ctiam
1091 3941 1179 4006 illexi
1194 3949 1225 4004 te
1242 3941 1350 4006 dolose

238 4068 494 4150 circumueniens,
519 4073 552 4132 ut
574 4067 788 4153 promitteres,
813 4068 865 4132 uel
888 4086 994 4133 errore
1010 4066 1119 4152 lapsus
1135 4066 1295 4131 credidisti
1318 4074 1349 4131 te

1139 4259 1189 4316 to*
