3328 5318
547 395 786 462 -434-2

107 569 161 636 siti
185 571 323 636 actione:
348 594 420 640 nam
444 573 564 655 siquis
588 593 701 638 aureos
729 575 758 636 X
782 574 866 656 apud
889 595 938 638 me
962 573 1099 656 deponat
1122 581 1153 639 et
1176 576 1221 638 lll

105 696 184 759 mihi
212 697 346 761 inuicem
374 698 490 762 debeat
514 698 649 781 depositi
676 718 796 763 mecum
824 706 898 782 aget
914 702 944 764 X
963 720 1075 764 aureos
1101 706 1220 782 petens.

106 821 279 885 absurdum
296 822 378 886 enim
401 823 523 904 putauit
547 823 777 888 sacratissimus
793 825 963 908 imperator
982 832 1089 889 noster
1105 825 1222 908 opponi

104 945 395 1028 compensationem
441 951 473 1010 et
523 946 590 1010 cius
640 953 806 1030 praetextu
855 948 1068 1032 depositarum
1118 969 1219 1013 rerum

53 1082 91 1132 31.
104 1070 303 1134 exactionem
327 1071 360 1134 in
384 1071 515 1135 solidum
539 1090 602 1134 nou
617 1071 693 1135 fieri.
733 1075 783 1137 31.
801 1073 880 1135 Sunt
897 1073 1052 1154 quaedam
1069 1073 1219 1155 actioneS,
1258 1089 1273 1138 5

103 1214 187 1275 quas
223 1195 454 1258 arbitrarias
489 1196 700 1278 appellamus,
737 1195 811 1276 quia
839 1215 878 1259 ex
913 1196 1078 1261 arbitrio
1109 1198 1220 1262 iudicis

101 1319 257 1400 pendent3
282 1319 313 1383 in
337 1320 450 1400 quibus
474 1320 535 1383 nisi
550 1340 622 1384 reus
647 1320 777 1384 arbitrio
801 1326 832 1384 et
847 1321 934 1385 iussu
949 1321 1061 1386 iudicis
1077 1323 1221 1386 restituat

101 1444 154 1516 uel
173 1444 321 1508 exhibeat
343 1445 395 1507 uel
419 1445 521 1508 soluat
544 1445 596 1508 uel
611 1464 714 1509 noxae
739 1445 791 1508 det
814 1465 937 1509 seruum
962 1447 1070 1528 actori,
1096 1447 1220 1510 omnino

102 1567 344 1650 condemnatum
369 1569 451 1649 quod
475 1569 502 1632 si
525 1569 558 1632 id
581 1575 657 1651 agat
673 1575 768 1649 atque
783 1571 927 1634 restituat
951 1576 1005 1634 aut
1028 1571 1113 1634 aliud
1137 1571 1220 1650 quod

101 1692 183 1756 libet
206 1693 435 1775 praedictorum
459 1693 570 1774 faciat,
595 1693 886 1758 condemnationem
915 1695 1032 1776 etiirgit.
1082 1695 1113 1758 id
1138 1695 1219 1758 enim
1241 1707 1274 1758 10

101 1816 153 1880 his
178 1817 354 1882 actionibus
387 1817 568 1900 specialiter
595 1817 699 1882 inesse
730 1819 872 1882 creditur.
924 1826 995 1883 sunt
1024 1825 1128 1883 autem
1155 1825 1219 1883 tam

101 1942 141 2004 in
165 1961 254 2022 rem,
280 1962 372 2022 quam
396 1943 433 2006 in
456 1962 663 2025 personam.
698 1944 735 2007 in
758 1945 968 2009 rem:.ueluti
991 1943 1219 2027 publiciana.

100 2067 164 2129 hac
189 2085 264 2130 uero
289 2067 444 2148 experior,
469 2067 496 2130 si
520 2087 590 2130 eam
613 2087 688 2148 rem,
711 2089 805 2149 quam
829 2069 914 2131 bona
936 2067 995 2131 fide
1013 2074 1219 2150 usucapturus

100 2190 320 2274 possidebam,
355 2191 457 2255 medio
492 2199 634 2275 tempore
669 2193 824 2257 amittam:
856 2199 903 2257 est
938 2193 1091 2256 eiusmodi
1126 2193 1220 2257 etiam

101 2314 301 2396 semiana,
326 2335 419 2395 quam
435 2336 567 2380 exerceo
592 2317 624 2380 in
647 2319 741 2381 rebus
758 2317 871 2397 coloni,
896 2317 949 2396 qui
964 2337 1021 2399 pro
1038 2317 1126 2380 fundi
1141 2337 1219 2380 mer·
1240 2329 1272 2381 15

102 2439 183 2503 cede
213 2459 264 2503 res
289 2460 308 2503 a
332 2460 365 2504 se
389 2441 421 2503 in
445 2461 515 2505 eum
538 2441 729 2504 introductas
759 2441 919 2522 obligauit.
977 2447 1024 2504 est
1052 2447 1083 2505 et
1111 2442 1219 2521 quasi

101 2564 285 2628 seruiana
297 2567 392 2648 (quae
406 2567 500 2630 etiam
511 2567 788 2649 hypothecaria
803 2566 957 2646 uocatur),
974 2565 1057 2628 omni
1074 2565 1219 2629 creditori

101 2693 285 2770 competens
309 2689 416 2753 adres
434 2691 591 2772 obligatas
615 2691 858 2774 persequendas.
893 2710 965 2752 nam
986 2689 1013 2752 si
1033 2709 1095 2768 qua
1110 2689 1218 2752 horum

101 2812 264 2876 actionum
289 2819 473 2896 exerceatur
496 2821 527 2878 et
550 2834 621 2878 reus
645 2814 731 2878 iussu
755 2813 866 2876 iudicis
890 2833 955 2876 rem
979 2819 1052 2876 ante
1076 2813 1218 2876 condem·

100 2937 265 3000 nationem
294 2938 451 3019 restituat,
481 2937 603 3003 absolui
632 2938 767 3002 debebit.
817 2939 857 3000 In
885 2956 1086 3019 personam
1114 2943 1217 3000 autem
1237 2949 1271 3000 20

101 3067 177 3124 sunt
194 3062 380 3126 arbitrariae
397 3063 538 3127 actiones
558 3063 596 3126 de
620 3082 659 3126 eo
684 3062 767 3143 quod
783 3069 882 3125 metus
906 3081 1002 3125 causa
1019 3068 1050 3125 et
1073 3061 1111 3124 de
1136 3060 1217 3123 dolo.

99 3183 142 3248 de
166 3204 218 3267 eo,
247 3185 330 3265 quod
357 3193 458 3250 metus
488 3206 585 3250 causa
612 3187 816 3265 factumest,
846 3204 942 3268 agere
966 3191 1067 3249 tecum
1090 3203 1217 3266 possum

99 3329 170 3372 rem
194 3309 227 3372 ui
250 3310 325 3374 mihi
348 3312 488 3375 ablatam
512 3333 532 3374 a
555 3319 585 3376 te
602 3317 730 3393 petens;
754 3331 826 3374 nam
851 3311 878 3374 si
901 3311 998 3374 iudici
1013 3329 1128 3392 parens
1151 3329 1217 3372 rem

98 3432 179 3495 milri
195 3433 354 3516 restituas,
379 3435 547 3518 quadrupli
570 3434 860 3499 condemnationem
877 3434 1001 3498 uitabis
1032 3433 1097 3496 doli
1113 3439 1217 3496 autem
1313 3471 1314 3474 =

100 3557 187 3620 actio
205 3558 358 3623 eiusmodi
374 3566 435 3640 est;
460 3562 533 3624 uino
551 3561 696 3624 maforte
714 3563 856 3624 obrutum
872 3566 926 3624 aut
945 3559 1036 3622 aliter
1052 3559 1217 3641 deceptum
1236 3571 1270 3620 25

100 3679 247 3764 illexisti,
281 3689 315 3746 ut
341 3703 407 3748 rem
435 3703 537 3749 meam
566 3683 623 3747 tibi
651 3684 815 3748 traderem.
861 3682 923 3747 mei
956 3682 1084 3746 tandem
1115 3683 1217 3746 factus
