3328 5318
583 425 824 488 -425-

411 619 451 663 es
464 600 558 682 igitur
568 599 702 664 diximus
717 617 787 664 esse
800 597 1100 682 praeiudiciales
1113 597 1259 682 actiones,

479 730 543 788 “tor
570 724 746 808 proposuit,
781 743 845 786 una
879 728 982 786 autem
1013 741 1053 786 ex
1079 722 1146 787 iure
1175 722 1260 786 ciuili

545 848 649 912 nilum
678 847 747 928 quis
775 845 919 910 intendit:
952 867 1016 911 »an
1042 852 1179 929 pareat
1204 866 1259 911 mc

595 972 727 1036 *inimus
756 971 912 1036 actionum
941 970 1094 1052 quasdam
1121 969 1158 1034 in
1184 989 1259 1036 rem

673 1118 705 1162 η.
753 1096 865 1176 quibus
888 1095 933 1159 ita
956 1089 1113 1176 discretis,
1142 1100 1259 1160 certum
1296 1109 1311 1161 5

693 1269 699 1301 ,
736 1220 824 1284 cuius
856 1219 1025 1284 dominium
1057 1219 1168 1301 habet,
1202 1237 1260 1302 per

616 1360 713 1425 ctare,
748 1351 842 1425 atque
875 1343 1050 1408 intendere:
1081 1343 1122 1408 ‘si
1151 1347 1259 1427 paret

552 1488 669 1532 meam
703 1467 791 1532 mihi
824 1468 913 1531 dare
948 1467 1145 1550 oportere'.
1200 1485 1258 1532 nec

475 1613 508 1656 us
543 1592 647 1656 estid
673 1593 704 1657 ei
732 1592 801 1656 dari
834 1596 951 1675 potest;
987 1591 1134 1672 quoniam
1169 1591 1257 1655 dare
1288 1658 1291 1670 ,

401 1735 482 1780 ⁴uam
505 1716 663 1780 dominum
679 1716 799 1782 facere:
825 1723 913 1780 actor
936 1721 1040 1779 autem
1055 1714 1157 1797 magis
1181 1728 1310 1780 suae10
1376 1777 1381 1787 ,

335 1861 368 1904 us
399 1840 468 1905 fieri
494 1841 610 1922 nequit.
657 1841 766 1924 excipe
794 1841 870 1906 mihi
897 1847 1002 1904 tamen
1029 1839 1257 1906 condictionem

262 1985 300 2046 m,
325 1983 388 2045 qua
410 1964 443 2028 in
458 1964 559 2028 furem
574 1965 752 2048 experimur
767 1965 834 2029 eius
849 1965 897 2029 rei
911 1964 1046 2045 nomine,
1071 1983 1151 2044 quac
1173 1963 1257 2028 furto

185 2088 332 2152 uablata.
372 2087 444 2152 odio
468 2088 550 2151 enim
572 2088 683 2171 furum,
707 2108 768 2169 quo
791 2088 893 2171 magis
917 2087 1057 2171 pluribus
1081 2087 1256 2153 actionibus

148 2217 319 2293 teneantur,
344 2211 420 2276 iuris
443 2211 570 2294 regulas
593 2212 706 2276 missas
729 2213 870 2278 facimus.
915 2231 972 2296 per
995 2213 1151 2277 actionem
1174 2211 1256 2276 anim

148 2335 218 2398 furti
240 2334 369 2420 duplum
397 2335 644 2419 quadruplumue
671 2337 900 2419 persequimnr;
930 2335 1032 2420 ipsam
1060 2341 1163 2400 autem
1190 2356 1256 2400 rem
1276 2348 1308 2399 15

149 2460 284 2524 ablatam
309 2465 362 2523 aut
385 2480 425 2524 ex
447 2460 523 2524 iuris
547 2461 658 2543 regula
680 2461 884 2543 uindicamus‚
908 2467 962 2525 aut
984 2467 1093 2525 contra
1115 2461 1256 2542 regulam

146 2601 200 2666 per
214 2584 360 2648 furtiuam
379 2583 606 2650 condictionem
622 2583 765 2668 petimus,
790 2584 835 2649 sic
854 2584 1066 2650 intendentes:
1092 2584 1133 2648 ‘si
1148 2588 1257 2668 paret

101 2705 246 2772 millum
271 2707 362 2772 dare
386 2710 581 2790 oportere’.
631 2712 679 2776 15.
703 2707 819 2774 Omnes
843 2714 947 2774 autem
970 2709 1002 2772 in
1025 2728 1092 2773 rem
1115 2708 1255 2774 actiones

144 2830 428 2897 uindicationcs
455 2837 622 2914 uocantur,
654 2832 745 2897 sicuti
772 2838 804 2897 et
827 2851 934 2898 omnes
963 2833 1103 2897 actiones
1131 2832 1164 2896 in
1186 2851 1255 2914 per·

146 2974 251 3019 sonam
298 2955 559 3021 condictiones
603 2955 754 3021 dicuntur.
819 2957 1039 3023 ‘condicere'
1082 2956 1164 3021 enim
1208 2961 1309 3020 estas

145 3078 367 3144 denuntiare
390 3080 496 3163 prisca
519 3079 636 3162 lingua.
675 3081 748 3146 olim
769 3082 850 3146 enim
867 3081 920 3164 qui
943 3102 1013 3145 cum
1029 3081 1134 3161 aliquo
1158 3098 1254 3162 agere

144 3203 280 3285 uolebat,
303 3202 336 3267 id
353 3203 383 3267 ei
403 3203 448 3268 ita
464 3204 681 3269 denuntiabat:
707 3206 852 3271 ‘adesto
873 3205 942 3269 ilia
958 3205 1017 3270 die
1034 3204 1080 3268 ad
1094 3204 1254 3269 iudicem

143 3345 281 3392 mecum
305 3328 578 3414 capiendum'¹).
617 3329 708 3395 hodie
732 3349 808 3396 uero
832 3330 962 3394 abusiue
987 3328 1197 3394 ‘condictio'
1215 3347 1254 3394 ea

143 3450 224 3514 actio
249 3457 388 3532 uocatur,
423 3472 485 3532 qua
512 3458 600 3518 actor
630 3453 775 3518 intendit:
812 3453 854 3518 ‘si
885 3461 994 3537 paret
1027 3453 1132 3518 illum
1164 3452 1253 3516 dare

143 3574 344 3657 oporterc';
368 3575 456 3640 nulla
479 3576 561 3640 enim
585 3595 624 3641 ex
647 3577 724 3659 iure,
749 3595 810 3657 quo
826 3597 907 3642 nunc
922 3577 1046 3660 utimur,
1070 3575 1252 3642 aduersario
1272 3587 1305 3639 25

142 3717 354 3727 ——-.-.

232 3785 494 3856 nmmum
