3328 5318
557 421 797 482 -443—

127 591 180 670 qui
204 591 264 656 sibi
292 591 429 656 debitam
453 593 618 674 pecuniam
641 593 795 675 integram
822 594 962 676 reeipere
985 614 1047 658 non
1070 595 1235 678 potuerint,

122 715 276 795 reliquam
304 737 455 780 summam
483 724 607 798 petere:
637 717 895 781 condemnabitur
921 725 1025 782 autem
1049 719 1095 783 eis
1118 739 1180 784 non
1203 720 1237 783 in

121 839 265 920 solidum,
290 849 338 904 set
358 841 390 904 in
406 842 438 904 id
455 841 539 922 quod
554 841 660 907 faeere
676 848 787 925 potest.
820 843 1021 906 inhumanum
1037 845 1118 908 enim
1135 845 1235 908 uisum

123 970 173 1029 est
196 965 362 1048 spoliatum
386 966 517 1030 fortunis
541 967 605 1031 suis
629 968 661 1030 in
684 968 817 1032 solidum
841 967 1050 1032 condemnari.

212 1672 304 1748 Quod
328 1695 397 1738 oum
422 1694 458 1738 eo
483 1675 536 1753 qui
560 1675 592 1738 in
615 1676 720 1739 aliena
743 1680 899 1758 potestate
923 1682 970 1739 est
993 1675 1152 1756 negotium

389 1804 512 1880 gestum
537 1819 607 1864 esse
631 1800 750 1863 dieitur.
796 1800 919 1864 Titulus
944 1804 971 1865 7.

214 1958 365 2040 Superius
389 1959 521 2022 aetionis
546 1960 584 2022 de
607 1959 731 2041 peeulio
755 1959 942 2023 mentionem
965 1959 1144 2040 habuimus,
1176 1980 1238 2039 qua
1274 1975 1289 2024 5

125 2081 158 2144 in
182 2082 337 2164 peculium
367 2102 528 2146 seruorum
555 2084 607 2146 uel
630 2084 763 2146 filiorum
791 2084 927 2156 familias
956 2084 1060 2166 agitur
1087 2084 1237 2148 aduersus

126 2213 249 2288 patrem
274 2207 479 2271 dominumue.
526 2227 604 2290 opus
629 2215 677 2271 est
700 2208 807 2290 igitur,
834 2215 868 2272 ut
892 2208 930 2271 de
955 2228 993 2271 ea
1021 2209 1237 2290 dispieiamus:

62 2417 64 2421 Ι
125 2331 158 2392 in
182 2331 240 2394 hoo
265 2332 347 2394 enim
371 2338 495 2414 tempus
520 2333 586 2395 eius
610 2339 775 2396 tractatum
800 2333 983 2396 distulimus.
1018 2340 1065 2396 set
1090 2353 1167 2415 opus
1190 2321 1239 2396 est

127 2475 251 2535 quoque
290 2456 329 2519 de
371 2457 483 2520 eeteris
521 2457 710 2537 actionibus,
751 2477 831 2536 quae
870 2457 1038 2520 eorundem
1077 2476 1237 2520 seruorum

126 2580 302 2644 tiliorumue
318 2581 455 2644 familias
471 2581 594 2644 nomine
611 2582 750 2644 exerceri
766 2582 875 2660 solent,
898 2580 1076 2662 diligentius
1092 2587 1237 2644 traetare.
1258 2595 1291 2644 10

125 2709 175 2768 set
199 2705 281 2784 quia,
306 2705 372 2768 siue
397 2725 465 2768 eum
490 2726 580 2770 seruo
604 2706 763 2787 negotium
786 2711 908 2786 gestum
932 2706 980 2784 sit,
1006 2705 1072 2768 siue
1090 2725 1159 2768 oum
1174 2705 1237 2768 filio

125 2829 279 2909 familias,
309 2829 419 2892 eadem
443 2828 509 2892 iere
533 2829 602 2892 iura
625 2835 804 2903 seruantur,
828 2848 868 2892 ne
892 2829 1008 2909 loquax
1032 2833 1063 2891 et
1085 2829 1238 2892 uerbosus

126 2973 198 3016 esse
227 2953 337 3016 uidear
365 2953 493 3018 infinitis
522 2954 783 3036 disputationibus
807 2960 911 3034 utens,
941 2973 1113 3016 sermonem
1138 2953 1176 3016 de
1199 2953 1238 3016 iis

129 3083 249 3140 tantum
282 3079 416 3160 negotiis
449 3079 586 3159 habebo,
616 3099 697 3159 quae
728 3098 796 3141 eum
824 3078 924 3142 seruis
952 3085 1113 3159 geruntur,
1146 3084 1177 3141 et
1199 3077 1238 3141 de

125 3202 308 3283 intentione,
334 3223 414 3282 quae
439 3203 590 3267 aduersus
615 3203 772 3267 dominum
796 3203 976 3285 coneipitur.
1023 3202 1133 3266 eadem
1157 3203 1238 3265 enim
1259 3211 1291 3264 15

126 3327 166 3390 de
189 3327 253 3390 filio
279 3348 402 3408 quoque
425 3328 643 3409 intellegemus
668 3335 699 3392 et
722 3328 761 3391 de
784 3333 883 3410 patre,
912 3328 964 3408 qui
988 3348 1058 3390 eum
1081 3327 1113 3390 iu
1136 3333 1238 3408 potes-

127 3458 192 3515 tate
225 3452 335 3532 habet;
369 3453 396 3515 si
424 3452 499 3532 quid
533 3459 638 3516 autem
670 3452 702 3516 in
734 3452 782 3515 his
816 3453 941 3534 proprie
977 3453 1171 3530 obseruator,
1207 3450 1240 3512 id

84 3589 108 3639 1.
130 3576 302 3658 separatim
327 3576 534 3640 ostendemus.
576 3580 601 3641 1.
622 3577 679 3640 Est
695 3576 789 3657 igitur
805 3597 874 3640 eum
891 3575 1016 3639 domino
1033 3575 1115 3639 aetio
1132 3574 1240 3676 ‘quod

126 3700 240 3764 iussu’
267 3720 373 3764 eorum
397 3701 596 3782 negotiorum
613 3701 724 3782 gratia,
749 3722 829 3782 quae
853 3721 922 3764 oum
939 3700 1037 3764 seruis
1054 3706 1144 3781 gesta
1159 3705 1239 3762 sunt.
