3384 5314
652 393 891 456 -481—

139 597 142 606 ν
180 573 203 622 7.
217 567 243 628 l.
267 564 411 629 Diximus
434 566 669 632 interdictorum
693 569 848 649 quaedam
872 568 1143 651 prohibitoria,
1173 568 1328 648 quaedam

213 689 470 772 restitutoria,
496 691 650 771 quaedam
675 692 798 757 demum
823 692 1058 756 exhibitoria
1082 711 1166 755 esse:
1196 692 1327 755 alteram

214 832 336 892 quoque
350 812 535 878 diuisionem
549 815 734 880 adiecimus:
749 817 904 896 quaedam
915 835 1027 898 nempe
1044 815 1326 898 adipiscendae,

213 937 368 1016 quaedam
402 938 641 1021 retinendae,
678 940 833 1020 quaedam
869 940 1017 1022 deinceps
1052 938 1327 1022 reciperandae

212 1063 472 1144 possessionis
505 1084 602 1128 causa
638 1085 707 1129 esse
739 1071 929 1147 comparata.
975 1064 1068 1129 tertia
1102 1063 1213 1128 diuisio
1247 1085 1327 1128 nunc
1365 1077 1380 1129 t

213 1189 398 1270 exponenda
421 1195 482 1270 est,
506 1189 742 1254 interdictorum
766 1190 921 1270 quaedam
943 1189 1146 1271 simplicia,
1172 1189 1327 1269 quaedam

159 1311 382 1394 uaduplicia
405 1319 484 1377 sunt.
519 1317 571 1379 la.
596 1314 797 1400 Simplicia
820 1320 900 1394 sunt,
925 1314 957 1377 in
982 1313 1094 1395 quibus
1119 1320 1207 1377 actor
1230 1333 1250 1376 a
1272 1333 1326 1376 rco

212 1436 420 1518 distinguitur,
448 1439 539 1502 sicuti
563 1444 633 1502 sunt
657 1439 762 1502 omnia
789 1438 1033 1502 restitutoria
1056 1445 1151 1518 atque
1179 1438 1326 1501 exhibi-

211 1562 317 1626 toria.
364 1569 471 1627 actor
494 1572 542 1627 est
566 1564 657 1645 enim,
688 1564 741 1644 qui
766 1564 828 1627 sibi
855 1563 1087 1646 possessiouem
1116 1562 1237 1626 restitui
1260 1563 1327 1626 uult

212 1693 265 1749 aut
289 1688 505 1752 absconditam
529 1709 696 1772 personam
721 1689 875 1770 exhiberi3
899 1708 985 1752 reus
1009 1696 1113 1752 autem
1133 1687 1186 1769 qui
1201 1681 1325 1770 posses·
1347 1697 1380 1749 10

158 1815 201 1867 ub.
212 1812 332 1876 sionem
344 1813 508 1878 restituere
524 1821 578 1878 aut
593 1833 761 1896 personam
778 1813 926 1877 exhibere
943 1812 1147 1894 compellitur.
1173 1814 1226 1877 lb.
1238 1813 1326 1874 Pro·

210 1935 480 2000 hibitcriorum
502 1937 738 2001 interdictorum
762 1937 917 2017 quaedam
941 1935 1145 2018 simplicia,
1170 1935 1326 2016 quaedam

211 2061 383 2143 duplicia
418 2067 496 2124 sunt.
543 2069 574 2126 et
605 2062 798 2144 simplicia
826 2062 951 2142 quidem
980 2069 1065 2141 sunt,
1102 2081 1169 2124 cum
1199 2067 1327 2144 praetor

210 2186 366 2266 quendam
399 2186 544 2268 prohibet
571 2187 603 2250 in
627 2206 716 2250 sacro
745 2189 815 2251 loco
849 2187 1031 2266 aedificare,
1067 2185 1119 2249 uel
1141 2185 1173 2248 iu
1200 2183 1325 2247 flumine

210 2310 335 2393 publico
364 2311 471 2374 eiusue
505 2311 576 2394 ripa
610 2311 729 2391 aliquid
762 2318 936 2375 exstruere:
973 2310 1026 2390 qui
1054 2310 1135 2374 enim
1163 2316 1197 2373 ut
1223 2309 1378 2391 probi-15

209 2434 322 2498 beatur
337 2435 508 2510 contendit,
533 2441 640 2500 actor
657 2442 717 2516 est,
743 2435 796 2516 qui
811 2436 1002 2518 prohibetur,
1025 2455 1119 2498 reus.
1155 2433 1326 2517 duplicia

209 2565 281 2622 suut
311 2566 415 2622 autem
450 2559 646 2623 interdictum
681 2560 735 2623 uti
769 2559 977 2642 possidetis
1011 2565 1043 2623 et
1074 2558 1207 2660 utrubi.
1253 2558 1324 2622 ideo

209 2689 314 2746 autem
338 2683 476 2766 duplicia
499 2683 657 2766 dicuntur,
687 2684 762 2764 quia
784 2705 843 2766 par
870 2683 1031 2763 utriusque
1058 2682 1227 2764 litigatoris
1252 2701 1323 2745 con-

210 2806 291 2870 dicio
316 2814 364 2870 est
387 2813 418 2871 et
441 2812 551 2871 neuter
578 2808 747 2891 praecipue
771 2827 843 2871 reus
870 2807 922 2871 uel
950 2813 1038 2871 actor
1060 2807 1092 2870 in
1116 2807 1164 2870 his
1188 2812 1248 2886 est,
1278 2811 1326 2869 set

208 2931 421 3011 unusquisque
449 2938 513 2995 tam
541 2933 587 2996 rei
615 2953 709 3012 qnam
737 2933 853 2997 actoris
881 2939 1002 3015 partem
1032 2932 1171 2995 sustinet.
1217 2931 1324 3010 itaque
1344 2945 1378 2994 20

209 3055 303 3120 ctiam
327 3062 455 3138 praetor
479 3057 524 3154 eis
541 3057 707 3122 interdicta
723 3058 885 3141 proposuit
901 3057 1004 3120 medio
1022 3057 1156 3137 quodam
1181 3075 1324 3119 sermone

209 3200 296 3260 usus,
325 3201 393 3243 cum
421 3201 523 3260 neque
551 3202 645 3244 unum
673 3202 773 3262 neque
798 3183 930 3246 alterum
960 3182 1025 3245 suis
1052 3181 1156 3244 uerbis
1187 3187 1324 3244 actorem

209 3305 396 3368 ostenderet.
442 3305 474 3368 in
497 3307 661 3370 interdicto
686 3307 767 3371 enim
791 3308 856 3370 ‘uti
879 3305 1098 3390 possidetis'
1124 3307 1202 3368 haec
1226 3305 1324 3368 uerba

209 3429 396 3511 usurpabat:
415 3430 479 3494 ‘nti
503 3431 730 3513 possidetis,
755 3431 955 3514 quominus
979 3430 1228 3514 possideatis,
1253 3429 1323 3492 uim

208 3553 298 3617 fieri
321 3554 427 3617 uctc'.
473 3574 535 3618 non
559 3575 635 3636 ergo
660 3557 704 3619 ait
729 3557 794 3618 ‘uti
822 3556 1019 3638 possides’,
1044 3575 1083 3618 ne
1108 3554 1149 3618 ad
1172 3575 1265 3618 unum
1289 3573 1323 3617 sc
1343 3565 1376 3616 25

209 3683 393 3742 conuertere
409 3678 576 3743 uideretur.
611 3680 643 3743 in
667 3681 812 3744 ‘utrubi’
830 3686 935 3745 autem
958 3680 1123 3744 interdicto
1147 3679 1195 3743 his
1218 3677 1324 3742 uerbis

208 3823 284 3865 usus
309 3803 538 3866 est:'‘ntrubi
572 3805 637 3868 ille
671 3806 789 3886 homo,
825 3825 894 3886 quo
930 3805 973 3869 de
1008 3805 1149 3887 agitur,
1185 3803 1323 3868 maiore

208 3931 317 4012 parte
345 3926 499 3992 huiusce
527 3929 617 3995 anni
644 3930 772 4011 tuerit,
803 3930 999 4013 quominus
1027 3929 1058 3994 is
1087 3949 1168 3994 eum
1197 3928 1321 4007 ducat,
