3328 5318
612 365 852 426 —464-

177 535 299 616 putauit
321 540 448 618 praetor
470 537 502 600 in
526 537 669 601 omnibus
692 537 812 602 furibus
837 539 1014 619 subuenire,
1039 538 1167 622 oapitali
1183 557 1287 620 poena

176 659 207 721 in
223 660 436 742 pecuniariam
452 667 572 726 mutata
588 668 619 726 et
635 668 788 746 perpetua
804 663 927 728 aetione
944 663 975 726 in
993 663 1152 727 annalem:
1176 683 1286 746 perpe-

141 783 317 848 leuitatem
340 785 435 866 igitur
458 785 573 851 astioni
597 789 744 852 seruauit.
795 792 821 854 l.
837 789 909 852 Nou
937 789 1037 852 omnis
1065 794 1169 852 autem
1193 787 1285 868 aoti0,

176 928 255 988 quae
279 909 369 974 nobis
393 911 557 993 competit,
586 913 638 975 uel
666 932 747 992 quae
776 919 884 977 eontra
907 933 964 977 nos
993 913 1100 994 datur,
1129 913 1196 976 siue
1219 912 1286 976 iure

175 1033 260 1097 eiuili
283 1034 349 1098 siue
374 1037 531 1117 praetorio
556 1057 655 1117 aeque
679 1037 847 1102 heredibus
863 1043 894 1102 et
910 1038 942 1101 in
957 1037 1090 1102 heredes
1106 1037 1175 1100 dari
1198 1037 1286 1100 solet.
1323 1049 1338 1098 5

174 1158 259 1222 etin
283 1179 403 1224 summa
426 1160 583 1225 aetionurn
607 1162 762 1242 quaedam
791 1183 830 1226 ex
858 1162 1032 1244 malefioiis,
1063 1161 1218 1242 quaedam
1246 1181 1286 1225 ex

173 1285 383 1348 eontraotibus
408 1293 585 1350 naseuntur.
620 1287 761 1352 notiones
778 1307 817 1352 ex
841 1287 1003 1352 malefioiis
1026 1287 1059 1350 in
1074 1285 1205 1350 heredes
1222 1305 1284 1349 non

172 1409 435 1473 transmittuntur:
461 1416 508 1474 est
532 1412 613 1474 euim
638 1411 813 1476 certissima
835 1411 947 1494 regula
970 1411 1110 1475 actiones
1134 1430 1172 1474 ex
1188 1411 1284 1474 male·

171 1532 250 1596 fioiis
273 1535 424 1616 poenales
447 1535 479 1598 in
502 1536 633 1600 heredes
657 1557 720 1601 non
744 1537 826 1619 dari;
850 1536 948 1600 ueluti
968 1535 1052 1616 furti,
1077 1535 1108 1598 ui
1131 1535 1282 1598 bonorum

170 1664 341 1740 raptorum,
365 1659 558 1742 iniuriarum,
584 1661 717 1743 exlege
742 1661 876 1742 Aquilia.
916 1667 964 1724 set
979 1660 1146 1724 heredibus
1163 1660 1283 1740 dantur,
1304 1669 1337 1719 10

172 1789 303 1866 excepta
337 1785 518 1848 iniuriarum
552 1786 675 1850 aetione
699 1792 730 1850 et
760 1786 787 1850 si
816 1806 878 1866 qua
906 1785 936 1850 ei
959 1785 1069 1850 similis
1098 1784 1282 1866 inueniatur,

170 1907 268 1970 ueluti
292 1909 374 1972 aetio
399 1909 431 1972 iu
454 1910 584 1992 laetum,
608 1930 689 1989 quae
713 1915 786 1974 tuno
810 1910 967 1992 competit,
995 1929 1079 1990 oum,
1104 1909 1198 1972 uenia
1220 1928 1283 1973 non

169 2031 346 2114 impetrata,
370 2039 520 2116 patronus
541 2035 573 2098 in
586 2035 641 2098 ius
661 2040 791 2099 uooatus
813 2041 868 2098 est.
914 2034 994 2098 ratio
1017 2053 1091 2098 uero
1115 2033 1282 2097 manifesta

170 2163 226 2220 est.
272 2158 326 2220 uhi
349 2159 431 2222 enim
453 2159 641 2223 maleficium
665 2159 802 2223 defuuoti
829 2161 913 2224 bona
935 2157 1059 2239 minuit,
1088 2164 1161 2222 tuno
1190 2158 1281 2222 heres

171 2302 306 2364 quoque,
346 2284 492 2364 quoniam
532 2290 563 2347 et
601 2284 668 2367 ipse
714 2283 867 2347 malefioio
910 2284 1015 2347 laesus
1058 2287 1117 2365 est,
1157 2283 1280 2347 actione
1302 2294 1333 2344 15

170 2407 355 2489 experietur.
402 2408 434 2470 id
457 2407 571 2472 aoeidit
598 2408 630 2471 in
657 2407 731 2470 furti
759 2407 882 2472 aetione
911 2413 942 2471 et
972 2407 1003 2470 ui
1032 2409 1182 2471 bonorum
1210 2428 1280 2490 rap-

168 2536 270 2595 torum
294 2539 325 2596 et
347 2533 379 2596 in
402 2533 526 2596 aetione
550 2532 630 2614 legis
659 2532 805 2612 aquiliae.
845 2532 877 2594 in
901 2532 1024 2596 aotione
1047 2538 1150 2596 autern
1174 2531 1280 2595 iniuri-

168 2679 265 2728 arum¹
281 2675 351 2722 oum
375 2659 503 2740 iniuria,
529 2681 590 2740 qua
615 2679 673 2741 ego
691 2659 822 2722 affectus
846 2678 923 2739 sum,
947 2677 1049 2720 meam
1073 2657 1297 2721 substantiam·

168 2803 231 2846 non
259 2783 390 2864 minuat,
424 2784 534 2848 morito
570 2785 660 2848 heres
688 2804 789 2864 meus,
824 2783 876 2864 qui
910 2803 972 2846 non
1000 2801 1100 2860 aeque
1135 2781 1279 2844 iniuriam

168 2928 280 2990 passus
305 2915 361 2989 est,
386 2928 483 2990 agere
507 2929 569 2972 non
584 2907 706 2991 poterit.
745 2907 828 2971 idem
852 2906 937 2970 etin
961 2905 1084 2970 actione
1108 2906 1140 2968 in
1162 2906 1333 2969 tantumno

168 3033 296 3114 optinet.
342 3033 481 3097 actiones
506 3039 610 3098 autem
634 3053 672 3097 eu
690 3031 901 3096 eontraotihus
924 3031 1034 3114 prooul
1057 3030 1278 3112 impedimento

167 3157 335 3222 heredibus
360 3159 445 3222 etin
468 3159 599 3222 heredes
624 3158 788 3222 dabuntur.
823 3156 992 3238 aliquando
1017 3161 1121 3218 tamen
1145 3175 1184 3218 ex
1208 3175 1278 3219 oon-

166 3288 269 3346 traotu
292 3283 374 3347 aetio
392 3283 429 3378 'in
453 3283 584 3346 heredes
608 3303 670 3346 non
694 3281 849 3364 oompetit.
895 3303 915 3344 u
951 3301 1034 3361 eooe,
1058 3300 1124 3357 reru
1141 3279 1224 3362 apud
1247 3285 1277 3343 te

167 3407 314 3493 deposui3
350 3407 463 3472 deinde
494 3407 566 3472 dolo
595 3413 647 3474 tuo
678 3406 802 3470 omnino
832 3405 923 3488 periit
950 3411 1004 3471 aut
1032 3403 1167 3472 deterior
1193 3403 1279 3470 faeta

220 4236 312 4288 Theoph.
327 4237 439 4280 Autonoes.
454 4249 494 4280 roo.
511 4237 598 4280 Fertini.
