3370 5350
616 390 849 456 -ast-

176 575 219 642 ad
241 583 362 646 sertum
382 576 516 660 gradum
539 576 732 660 cognationis
754 583 844 660 sunt3
868 597 906 644 ex
927 576 1060 660 septimo
1089 577 1174 644 enim·
1192 579 1292 662 gradu

179 695 237 760 bac
259 701 381 762 tontum
403 713 555 777 personae
577 703 742 764 uocantur:
770 695 888 762 sobrini
909 697 1094 764 sobriuaeue
1114 695 1194 763 iilius
1218 695 1291 762 filia
1362 713 1363 716 ’

176 815 305 894 quinam
326 815 359 880 hi
380 816 445 880 sint
466 835 504 881 ex
525 815 668 900 sequenti
690 817 845 882 discemus
866 815 968 882 titulo.

390 1427 436 1492 De
458 1427 606 1515 gradibus
628 1427 856 1508 cognationum.
899 1426 1023 1492 Titulus
1045 1425 1075 1489 6.

259 1613 353 1692 Quod
374 1614 517 1695 superins
539 1615 578 1679 de
599 1613 748 1694 gradibus
770 1613 860 1680 nobis
882 1612 999 1678 dictum
1022 1617 1071 1678 est
1097 1630 1223 1678 necessa
1245 1618 1293 1678 cst

176 1752 256 1799 nnnc
277 1733 460 1816 peripsum
482 1733 627 1800 exhibere
648 1739 824 1799 contextum
848 1740 884 1798 ut
898 1735 1045 1799 maiorem
1061 1733 1196 1798 habeant
1210 1732 1294 1798 dictu
1328 1737 1345 1788 5

177 1850 277 1919 fidem.
324 1855 570 1920 numerabuntur
591 1859 696 1921 sutem
718 1855 762 1919 sic
785 1853 977 1936 cognationis
1003 1853 1131 1934 gradus.
1175 1851 1208 1916 in
1232 1849 1293 1934 pri-

178 1971 234 2038 mis
264 1991 342 2038 uero
369 1991 460 2038 nosse
487 1979 610 2055 oportet
637 1974 851 2056 cognationem
883 1992 952 2039 osso
979 1972 1072 2038 ulium
1103 1969 1294 2056 superiorem

175 2089 267 2158 aliam
293 2089 470 2162 inferiorem
492 2092 584 2160 aliam
607 2111 645 2159 er
667 2099 857 2172 transuerso,
879 2111 959 2176 quae
981 2091 1075 2158 etiam
1097 2110 1116 2158 a
1137 2090 1236 2158 latere
1252 2090 1297 2158 di·

177 2211 265 2290 citur,
286 2211 420 2278 fratrum
438 2230 641 2294 sororumque
653 2217 684 2276 et
697 2229 802 2280 eornm
815 2213 868 2292 qui
883 2213 923 2278 ab
938 2212 985 2278 bis
1000 2217 1248 2294 progenerantur
1264 2220 1295 2276 et

177 2330 400 2397 conuenienter
422 2331 526 2412 patrui
548 2332 664 2397 amitae
685 2331 832 2397 cuononi
854 2335 1051 2396 materterae.
1086 2332 1228 2412 superior
1248 2329 1296 2394 in·
1316 2343 1348 2394 10

176 2449 337 2532 feriorque
359 2449 503 2532 cognatio
525 2471 545 2517 a
566 2451 666 2533 primo
688 2451 797 2532 incipit
818 2451 933 2534 gradu,
957 2469 995 2516 ea
1020 2468 1101 2533 qnae
1130 2469 1168 2516 ex
1195 2458 1297 2516 trans·

178 2589 269 2637 uerso
286 2575 337 2636 est
351 2589 370 2635 a
385 2568 535 2636 secundo:
558 2570 677 2656 primns
699 2569 780 2635 enim
796 2569 912 2653 gradus
934 2569 965 2634 in
987 2569 1045 2634 hac
1066 2589 1086 2635 a
1107 2569 1205 2636 latere
1227 2589 1295 2654 cog·

143 2697 163 2748 1.
180 2691 305 2756 notione
327 2688 533 2755 inuenieudns
555 2708 616 2756 non
639 2696 696 2755 est.
743 2692 771 2753 1.
804 2689 926 2756 Primus
956 2690 1073 2774 gradus
1101 2707 1196 2771 snpra
1226 2708 1297 2754 con·

143 2825 166 2876 a.
183 2808 260 2876 tinet
283 2813 407 2891 patrem
429 2815 571 2886 matrem.
592 2808 674 2876 inira
695 2807 792 2876 filium
811 2808 918 2877 filiam.
956 2810 985 2872 2.
1020 2807 1180 2875 Secundus
1202 2826 1298 2890 supra

180 2929 319 2999 continet
337 2947 434 3000 uuum
459 2929 581 3009 auiam,
603 2928 686 3002 inira
712 2936 855 3012 nepotem
883 2935 1023 3011 neptem,
1052 2948 1090 2996 ex
1117 2934 1296 2996 transuerso
1317 2946 1348 2998 ro

142 3058 165 3110 a.
181 3047 311 3115 fratre·
337 3065 488 3116 sororem.
539 3050 569 3114 3.
603 3050 728 3116 Tertius
756 3051 874 3130 gradus
901 3049 995 3118 hsbet
1023 3066 1119 3131 supra
1147 3065 1296 3130 proauum

180 3168 352 3250 proauiam,
374 3167 458 3234 inira
479 3176 681 3252 pronepotem
703 3175 900 3252 proneptem:
929 3189 967 3235 ex
988 3174 1168 3234 transuerso
1191 3166 1297 3234 fratris
1377 3223 1378 3226 ,
