3298 5322
572 363 813 428 —386-

138 535 211 598 furti
234 534 369 616 actione,
400 535 531 600 ulterius
555 538 650 618 enim,
684 559 779 620 quam
803 539 833 602 ei
855 538 960 603 fuerat
983 558 1180 621 concessum,
1214 560 1248 604 re

139 679 212 722 usus
236 663 291 723 est.
324 659 352 723 si
375 665 480 723 autern
501 661 571 743 quis
595 681 708 743 equum
732 662 877 745 gestandi
900 662 1005 745 gratia
1030 663 1092 726 sibi
1114 683 1248 728 commo·

30 817 38 846 t
137 783 252 864 datum,
276 789 311 846 ut
333 803 403 848 cum
426 803 464 848 eo
488 785 594 866 aliquo
618 787 805 869 perueniret,
827 786 952 869 lougius
976 785 1109 868 duxerit,
1132 787 1248 850 furtum

137 907 306 970 committit.
351 907 446 988 idque
479 914 604 973 ueteres
637 909 830 993 scripserunt
856 910 896 974 de
925 930 977 992 eo,
1005 911 1058 992 qui
1086 911 1119 974 in
1147 911 1247 975 aciem

105 1040 127 1092 7.
138 1051 251 1111 equum
275 1031 337 1095 sibi
359 1032 589 1097 commodatum
611 1034 818 1117 perduxisset.
866 1039 894 1100 7.
917 1035 1116 1099 Generaliter
1143 1042 1247 1100 autem
1285 1051 1300 1102 5

134 1156 253 1237 placuit
275 1176 392 1238 omnen,
417 1157 471 1238 qui
493 1158 588 1222 rebus
612 1158 814 1224 commodatis
838 1159 930 1224 aiiter
952 1165 1129 1241 uterentur,
1153 1181 1247 1241 quum

134 1279 267 1344 utendas
295 1280 487 1364 acceperint,
521 1282 567 1345 ita
593 1281 710 1346 furtum
738 1284 933 1348 committere
962 1289 994 1347 et
1021 1284 1096 1347 furti
1124 1284 1247 1348 actione

133 1404 242 1486 teneri,
268 1405 295 1468 si
318 1424 352 1469 sc
375 1405 561 1488 intellegant
575 1407 674 1472 inuito
690 1407 815 1471 domino
831 1408 865 1471 id
881 1408 1000 1489 facere,
1025 1408 1247 1489 dominumque

134 1529 160 1592 si
170 1529 380 1594 intellexisset
391 1549 454 1594 non
466 1531 697 1613 permissurum.
719 1531 1247 1616 quodsidominumpermissurum

133 1673 233 1735 neque
258 1653 291 1717 id
313 1674 410 1736 aegre
433 1655 567 1718 laturum
597 1655 801 1737 crediderint,
827 1675 882 1719 eos
905 1675 968 1719 non
991 1676 1055 1721 non
1078 1676 1148 1720 esse
1171 1657 1246 1720 furti
1267 1670 1301 1721 10

133 1798 204 1842 reos
248 1778 425 1844 definimus:
466 1781 585 1863 optima
635 1801 711 1845 sane
762 1781 897 1862 ratione,
946 1781 1101 1845 »furtum
1150 1782 1245 1844 enim

95 1914 115 1965 8.
134 1903 214 1966 siue
251 1903 394 1968 affectu
421 1904 575 1969 furandi
603 1925 675 1969 non
703 1905 976 1970 committitur«.
1024 1908 1052 1972 8.
1076 1906 1132 1970 Set
1159 1912 1191 1970 et
1218 1907 1246 1970 si

133 2027 233 2091 inuito
257 2027 382 2092 domino
412 2028 445 2092 id
476 2048 510 2092 se
540 2029 645 2093 facere
673 2035 796 2112 putent,
825 2029 970 2094 dominus
998 2036 1101 2094 autem
1131 2031 1246 2095 certior
1314 2041 1316 2048 '

132 2151 235 2215 factus
251 2170 314 2214 non
330 2171 425 2233 aegre
441 2172 507 2216 reru
522 2153 614 2233 ferat,
635 2152 751 2216 furtum
766 2152 889 2216 admitti
904 2173 967 2216 uon
985 2153 1106 2217 dicitur.
1139 2155 1244 2235 itaque

133 2283 166 2338 ut
186 2276 264 2338 furti
280 2276 362 2340 actio
380 2281 547 2359 competat,
571 2277 632 2340 duo
649 2296 833 2341 concurrere
850 2276 981 2358 debent3
1006 2283 1040 2340 ut
1056 2297 1116 2360 ego
1132 2298 1244 2361 nempe
1266 2298 1299 2350 15

133 2399 255 2463 inuito
279 2400 426 2465 domino
450 2420 516 2464 rem
539 2406 743 2481 contractem,
773 2401 876 2465 sciens
900 2420 970 2464 eum
992 2400 1026 2464 id
1052 2421 1149 2484 aegre
1174 2422 1244 2466 esse

133 2524 277 2605 laturum
300 2529 332 2588 et
354 2524 408 2588 ille
432 2525 546 2589 certior
567 2524 670 2589 factus
693 2544 759 2588 rem
781 2525 814 2588 in
829 2525 945 2588 malam
960 2529 1082 2608 partem
1100 2526 1243 2608 accipiat.

134 2668 265 2728 quorum
281 2648 309 2712 si
324 2649 457 2714 alterurn
474 2648 606 2731 deficiat,
629 2648 711 2714 actio
728 2648 802 2712 furti
816 2669 881 2714 non
897 2653 1062 2731 competet.
1086 2649 1168 2713 unde
1186 2650 1242 2714 ali-

134 2773 205 2853 quid
232 2771 385 2838 eiusmodi
408 2773 584 2855 quaesitum
607 2779 668 2837 est:
698 2779 746 2837 set
773 2777 867 2837 antea
885 2773 964 2837 haec
992 2772 1051 2836 tibi
1076 2779 1243 2857 perspecta

132 2897 261 2961 habeas.
314 2897 342 2961 si
376 2899 446 2978 quis
479 2917 583 2962 meum
613 2897 786 2980 corruperit
816 2917 941 2961 seruum
977 2897 1106 2978 eiusque
1140 2917 1242 2962 mores
1262 2920 1299 2971 20

133 3022 303 3086 deteriores
323 3021 442 3102 fecerit,
466 3027 588 3086 tenetur
611 3021 744 3104 actione,
768 3042 863 3102 quam
879 3027 994 3085 uocant
1018 3021 1138 3085 »serui
1161 3041 1242 3086 cor-

132 3146 261 3229 rupti«,
296 3166 353 3229 per
385 3167 479 3228 quam
508 3146 617 3229 quanti
645 3147 712 3210 eius
740 3146 824 3210 serui
851 3146 984 3229 pretium
1015 3145 1166 3209 minutum
1194 3151 1243 3210 est
