3164 5338
519 429 761 492 -363—

94 603 233 683 laturam,
265 601 380 666 callide
409 603 557 667 societati
583 603 788 685 renuntiauit,
816 610 850 668 nt
879 605 965 668 solus
993 604 1199 669 hereditatem

93 726 290 790 lucrifaceret.
337 728 474 810 castigat
506 727 554 791 ius
582 728 752 812 pessimum
781 729 848 793 eius
877 729 1053 812 consilium,
1081 749 1199 812 cogens

94 851 202 914 lucrum
238 871 277 915 eu
312 851 389 916 Titii
423 852 598 916 hereditate
634 854 810 934 quaesitum
845 853 1084 918 communicare.
1134 855 1201 919 Seii

94 982 187 1039 autem
215 975 424 1040 hereditatem
453 977 480 1042 si
514 978 664 1060 posthaec
698 977 736 1042 de
772 978 929 1042 delatione
958 979 1072 1042 certior
1097 979 1200 1044 lactus

89 1099 209 1183 adierit,
245 1101 331 1165 solus
367 1101 510 1184 habebit3
547 1123 609 1167 non
642 1103 724 1167 enim
757 1103 860 1167 studio
890 1104 956 1168 eius
986 1103 1200 1184 adquirendae
1238 1117 1253 1168 5

92 1225 266 1290 societatem
290 1226 397 1308 soluit,
428 1227 503 1307 quin
532 1227 627 1291 etiam
651 1228 855 1310 ignorauerat
877 1228 958 1292 hano
987 1229 1048 1292 sibi
1076 1228 1200 1293 deferri.

91 1349 228 1414 Secundo
254 1356 358 1415 autem
383 1351 535 1434 quidquid
557 1357 724 1436 postquam
749 1353 779 1417 ei
794 1353 930 1417 societas
951 1354 1130 1418 renuntiata
1153 1360 1201 1418 est

91 1475 256 1556 obuenerit,
282 1475 426 1556 quamvis
445 1475 664 1559 adquisitionis
678 1498 775 1542 causa
794 1477 1026 1542 renuntiatione
1044 1478 1201 1560 antiquior

89 1599 132 1680 sit,
155 1600 225 1683 ipse
249 1601 336 1665 solus
352 1601 498 1681 adquiret
513 1622 583 1666 cum
607 1602 709 1666 nullus
729 1603 827 1684 ipsius
845 1601 934 1666 dolus
952 1603 1075 1667 ostendi
1091 1603 1199 1685 possit.

57 1728 78 1779 5-
88 1727 113 1788 5.
136 1723 277 1788 Soiuitur
300 1725 402 1790 adhuc
427 1726 564 1790 societas
588 1726 683 1790 etiam
706 1733 806 1791 morte
830 1727 917 1809 socii,
941 1727 1015 1807 quia
1032 1727 1085 1807 qui
1101 1728 1200 1792 socie·
1221 1738 1255 1789 10

87 1852 177 1911 tatem
202 1849 359 1912 contrahit
389 1856 507 1914 certam
531 1869 699 1934 personam
724 1851 784 1914 sibi
812 1851 914 1932 eligit5
943 1869 1046 1932 neque
1075 1851 1200 1915 omnino

87 1973 159 2036 socii
181 1975 246 2038 mei
268 1975 361 2038 heres
377 1979 470 2058 aptus
486 1975 563 2039 mihi
578 1975 620 2039 ad
636 1976 818 2040 societatem
835 1975 901 2039 erit.
941 1981 988 2039 set
1005 1975 1078 2040 etsi
1096 1976 1200 2057 plures

84 2097 158 2161 socii
188 2097 316 2163 inierint
346 2099 538 2182 societatem,
572 2101 664 2164 unius
687 2106 787 2165 morte
811 2099 892 2164 inter
924 2119 1031 2164 omnes
1064 2101 1200 2164 societas

83 2221 224 2306 soluitur,
248 2223 343 2288 ctiam
364 2224 391 2288 si
414 2225 520 2308 plures
538 2225 695 2307 supersint
712 2244 805 2305 quam
828 2224 986 2308 perierint.
1020 2224 1095 2305 quid
1119 2225 1200 2288 enim

84 2365 158 2430 cum,
183 2348 323 2430 quinque
340 2369 437 2413 sexne
461 2349 555 2414 sociis
580 2349 767 2430 constitutio,
792 2348 853 2413 duo
871 2349 962 2412 simul
985 2349 1018 2412 in
1034 2349 1200 2431 naufragio
1221 2360 1253 2412 15

83 2473 255 2555 perierint?
300 2475 381 2538 forte
411 2474 494 2538 enim
521 2494 579 2557 per
602 2494 657 2538 eos
687 2474 740 2554 qui
767 2473 969 2538 decesserunt
996 2474 1081 2537 utilis
1106 2481 1200 2554 atque

85 2598 233 2680 optabilis
256 2599 393 2663 societas
418 2603 493 2662 erat
526 2598 587 2662 nisi
609 2599 746 2678 fortein
769 2599 920 2663 societate
943 2598 1087 2662 coeunda
1110 2598 1202 2662 aliter

83 2724 274 2806 conuenerit,
305 2731 339 2788 ut
365 2723 518 2805 nimirum,
549 2743 610 2787 uno
642 2729 774 2804 mortuo,
799 2722 881 2787 inter
911 2730 1032 2787 ceteros
1060 2729 1202 2786 maneret

49 2848 228 2912 tuocietas,
268 2853 297 2915 6.
322 2848 462 2912 Soluitur
478 2849 623 2930 societas
647 2849 742 2912 etiam
758 2849 786 2912 si
800 2847 870 2911 finis
893 2848 1021 2930 negotio
1037 2847 1201 2930 impositus

81 2971 133 3055 sit,
162 2979 297 3056 propter
326 2973 409 3054 quod
438 2980 487 3039 est
521 2979 692 3039 contracta.
739 2973 766 3038 si
797 2973 878 3037 enim
907 2973 948 3036 ad
975 2972 1201 3055 mancipiorum
1221 2990 1256 3041 20

81 3099 332 3180 negotiationem
360 3099 438 3163 inita
466 3099 520 3180 sit,
550 3105 581 3162 et
603 3098 677 3162 talis
700 3097 873 3180 negotiatio
896 3096 1019 3176 finierit,
1044 3101 1148 3161 cessat
1172 3102 1203 3160 et

35 3221 235 3287 -tsooietas-
283 3227 310 3288 t.
331 3223 509 3288 Publicatio
538 3243 661 3303 quoque
691 3223 844 3287 bonorum
874 3222 965 3286 unius
998 3220 1077 3285 socii
1104 3220 1202 3284 socie·

79 3350 176 3410 tatem
195 3346 305 3430 soluit3
322 3353 396 3412 tunc
409 3347 538 3428 scilicet,
556 3366 626 3411 cum
642 3347 792 3411 uniuersa
807 3346 885 3411 socii
900 3347 985 3410 bona
996 3345 1203 3429 publicentur.

77 3490 149 3534 nam
168 3492 242 3536 cum
258 3473 291 3536 in
308 3472 375 3536 eius
391 3473 476 3538 bona
491 3472 573 3536 alius
590 3471 738 3553 succedit,
763 3471 844 3535 idest
858 3470 961 3552 fiscus,
985 3471 1095 3534 mortis
1108 3491 1203 3552 quae·

74 3592 150 3659 dam
167 3597 330 3661 inducitur
345 3596 525 3679 similitudo,
548 3596 630 3660 unde
647 3596 779 3660 soluitur
795 3595 940 3660 societas.
978 3595 1005 3659 si
1027 3615 1102 3678 pars
1125 3615 1202 3659 uero
1222 3611 1256 3664 25
