3384 5314
579 433 618 440 --
666 398 730 460 475
778 431 818 438 —

107 582 130 632 1.
233 577 259 638 l.
284 572 411 634 Summa
439 579 544 635 antem
571 571 807 636 interdictorum
835 569 947 633 diuisio
976 570 1053 632 haee
1083 575 1144 648 est,
1174 570 1256 649 quod

142 696 376 760 interdiutornm
389 697 544 776 quaedam
557 696 815 778 prohibitoria
828 701 908 775 sunt,
927 695 990 758 aliu
1006 695 1254 774 restitutoria‚

143 821 206 885 alia
236 821 476 884 exhibitoria.
519 827 549 884 et
572 820 829 903 prohibitoria
858 825 929 883 sunt
952 839 1004 899 ea,
1030 819 1142 899 quibus
1170 824 1257 882 uetat

142 951 268 1028 praetor
296 945 415 1026 aliquid
441 945 517 1009 fieri.
568 950 601 1008 ut
632 964 705 1008 eeee
733 945 912 1012 minabatur
940 944 1066 1023 quidam
1094 963 1165 1007 sese
1193 944 1256 1006 nim

142 1069 218 1132 mihi
240 1069 408 1132 inlaturum
434 1075 464 1132 et
486 1069 733 1152 possessionem,
758 1088 839 1149 quae
864 1067 948 1150 apud
971 1088 1020 1132 me
1044 1074 1126 1147 erat,
1150 1069 1257 1131 tnrba—
1294 1084 1309 1134 5

143 1199 254 1257 turum.
301 1194 366 1257 adii
389 1199 566 1276 praetorem
591 1193 766 1258 aduersarii
788 1193 890 1256 minas
915 1191 945 1255 ei
968 1159 1153 1274 euponens:¹
1171 1193 1257 1255 addi·

136 1318 236 1403 dique
253 1339 303 1382 me
320 1320 387 1382 sine
404 1319 480 1383 uitio
497 1319 673 1402 possidere:
699 1325 730 1382 et
752 1318 967 1400 pronuntiauit
989 1323 1116 1400 praetor
1131 1317 1163 1380 in
1179 1319 1257 1381 haee

143 1445 254 1507 uerba:
285 1444 377 1508 ‘sine
400 1444 496 1508 uitio
519 1443 734 1526 possidenti
750 1443 823 1506 uim
846 1442 935 1505 fieri
959 1440 1064 1506 ueto’.
1096 1443 1258 1506 ueletiam

145 1568 273 1631 uolebat
296 1568 422 1650 quidem
450 1575 604 1633 mortuum
633 1589 721 1632 snum
749 1568 782 1630 in
808 1568 925 1647 losum,
956 1587 1016 1648 quo
1046 1568 1075 1630 ei
1103 1567 1151 1630 ius
1180 1574 1257 1648 erat,

143 1693 259 1756 interre
287 1693 394 1773 ibique
423 1693 589 1776 deponere.
640 1693 765 1755 dabitur
793 1692 822 1755 ei
850 1691 1138 1774 prohibitorium
1167 1692 1312 1756 inter-10

144 1817 260 1880 dietum
280 1817 431 1881 aduersus
455 1817 551 1898 illum,
576 1817 629 1896 qui
644 1836 715 1880 eum
731 1815 882 1898 impedire
906 1816 1048 1879 uoluerit.
1081 1816 1257 1880 ueletiam:

144 1941 273 2004 uolebat
288 1941 415 2020 qnidam
430 1941 463 2003 in
479 1961 569 2004 sauro
586 1941 655 2004 loeo
673 1941 850 2020 aedificare,
868 1959 924 2004 seu
940 1940 971 2002 in
990 1939 1115 2004 flumine
1131 1941 1258 2022 publico

145 2066 254 2148 ripaue
272 2066 338 2129 eius
356 2086 434 2147 opus
452 2065 564 2146 moliri,
589 2084 649 2144 quo
667 2084 762 2154 opere
779 2064 1066 2146 difficilioremper
1089 2064 1122 2126 id
1144 2064 1260 2128 flumen

145 2191 380 2271 nauigationem
404 2190 561 2253 redderet:
587 2209 689 2270 aeque
707 2190 832 2253 dabitur
854 2189 1144 2271 prohibitorium
1167 2189 1260 2253 inter-

93 2314 269 2378 ladietum.
308 2319 359 2379 la.
376 2315 628 2379 Restitutoria
652 2320 732 2394 sunt,
758 2315 870 2394 quibus
893 2314 1015 2377 restitui
1032 2313 1151 2394 aliquid
1167 2313 1260 2378 iubet.
1280 2325 1313 2376 15

146 2441 244 2503 ueluti
267 2440 420 2504 bonorum
443 2440 628 2522 possessori,
653 2446 686 2502 ut
709 2440 891 2503 restituatur
915 2439 944 2502 ei
959 2438 1118 2521 possessio
1143 2458 1259 2519 eorum,

147 2584 228 2644 quae
257 2564 338 2628 alius
369 2564 495 2644 quidam
523 2585 579 2646 pro
604 2564 718 2628 herede
747 2565 799 2627 nel
826 2583 883 2646 pro
909 2583 1092 2646 possessore
1120 2563 1262 2644 possidet

148 2689 235 2770 (quid
251 2695 355 2752 autem
372 2689 412 2752 sit
435 2692 511 2771 ‘pro
536 2689 682 2753 herede'
700 2688 753 2753 uel
776 2692 852 2770 ‘pro
876 2691 1106 2770 possessore'
1132 2687 1261 2751 inferius

147 2815 380 2897 proponemus),
408 2814 460 2876 uel
484 2814 510 2876 si
534 2813 643 2877 iubeat
663 2812 751 2876 fundi
773 2813 1006 2895 possessionem
1026 2811 1102 2874 mihi
1129 2812 1260 2893 restitui,

94 2947 212 3016 lb.qua
234 2938 267 3000 ui
291 2937 409 3001 eieetus
433 2938 500 3001 sim.
542 2938 593 3003 lb.
618 2937 859 3001 Exhibitoria
882 2943 954 3000 sunt
973 2957 1030 3020 per
1046 2955 1126 3016 quae
1143 2935 1263 3017 aliquid
1281 2951 1316 3003 20

149 3062 290 3126 exhiberi
313 3062 409 3127 iubet.
457 3068 491 3125 ut
514 3082 588 3126 eece
611 3065 739 3126 tratrem
768 3082 870 3126 meum
898 3061 1036 3126 ueoultas
1061 3060 1168 3124 dicens
1192 3080 1263 3124 eum

149 3207 219 3250 esse
262 3193 348 3250 tuum
394 3207 533 3267 seruum,
579 3206 649 3250 oum
691 3206 750 3269 ego
795 3187 833 3249 de
871 3185 938 3249 eius
981 3185 1127 3249 libertate
1167 3204 1262 3266 agere

149 3311 252 3374 uelim.
287 3311 339 3374 uel
363 3310 458 3376 etiam
474 3311 619 3374 libertum
635 3331 738 3375 meum
755 3311 904 3391 occultas,
929 3310 979 3374 oui
996 3329 1110 3391 operas
1125 3308 1263 3372 indioere

149 3435 232 3499 uolo.
267 3435 319 3498 nel
342 3435 437 3498 etiam
456 3436 552 3516 (quod
576 3455 672 3518 saepe
688 3435 734 3519 fit)
750 3435 846 3497 filium
869 3455 972 3498 meum
994 3441 1190 3516 nepotemue,
1210 3434 1265 3515 qui

149 3559 182 3622 in
206 3579 277 3623 mea
301 3565 349 3623 est
372 3565 540 3641 potestate,
565 3559 649 3643 apud
672 3566 703 3623 te
724 3559 872 3639 occultas,
897 3579 1014 3638 eosque
1039 3578 1098 3640 ego
1123 3558 1265 3622 exhiberi
1283 3573 1317 3625 25
