3328 5318
612 400 852 464 -438-

177 583 245 640 erat
273 577 302 640 ei
330 579 481 659 pecuniae
509 581 691 642 numeratae
720 575 833 640 solutio
857 575 989 658 Ephesi:
1020 581 1109 640 extra
1131 576 1290 659 Ephesum

177 707 280 766 autem
304 702 513 784 perdifficilis:
542 723 644 783 neque
669 706 791 784 oportet
820 720 890 764 eum
918 706 1008 765 extra
1030 701 1188 782 Ephesum
1212 702 1243 764 in
1268 701 1291 765 O

178 847 290 890 aureos
319 828 543 892 condemnare:
573 849 593 890 a
625 827 648 890 O
679 844 755 907 ergo
787 825 892 888 aureis
920 831 1039 888 tantum
1068 832 1116 890 est
1139 826 1292 891 deducen-

178 951 261 1032 dum,
286 953 393 1031 quanti
410 953 477 1016 eius
501 953 632 1016 interest
648 951 765 1034 Ephesi
789 951 920 1014 soluere.
956 950 1035 1014 forte
1060 951 1140 1015 enim
1166 958 1293 1016 coactus

177 1079 296 1140 Romae
325 1077 463 1142 debitum
494 1078 617 1141 soluere
648 1077 709 1138 XX
741 1095 855 1139 aureos
888 1076 1039 1159 impendit
1070 1076 1111 1140 ad
1142 1097 1293 1140 summam
1331 1091 1344 1139 5

178 1201 432 1284 comparandam,
457 1221 549 1280 quam
573 1200 648 1264 mihi
673 1199 749 1265 dare
774 1202 953 1292 oportebat,
978 1205 1009 1264 et
1031 1199 1102 1264 ideo
1127 1221 1190 1265 non
1212 1201 1245 1265 in
1270 1201 1293 1264 O

178 1346 292 1390 aureos
317 1326 588 1405 condemnabitur,
618 1331 666 1389 set
693 1325 724 1388 in
752 1326 880 1390 LXXX.
935 1324 1052 1408 Ephesi
1080 1333 1183 1388 autem
1207 1325 1293 1388 nulla
1386 1315 1387 1320 ἵ

178 1450 472 1514 commemoratione
497 1450 529 1513 in
544 1450 669 1514 actione
692 1450 786 1531 facta,
811 1469 879 1512 cum
904 1455 994 1513 extra
1009 1449 1167 1531 Ephesum
1188 1469 1291 1530 agam,

178 1575 262 1655 quod
285 1595 355 1638 eum
380 1575 411 1637 iu
435 1574 458 1637 O
482 1595 594 1638 aureos
619 1574 821 1638 condemnari
844 1594 918 1637 curo
943 1579 1034 1656 (pura
1058 1574 1139 1637 enim
1163 1573 1292 1638 intentio

178 1699 246 1762 eius
270 1700 352 1780 quod
381 1699 511 1764 interest
538 1699 788 1764 aestimationem
815 1699 883 1762 heri
910 1718 973 1761 non
1000 1697 1102 1780 sinit),
1127 1699 1197 1762 idco
1222 1698 1292 1780 plus
1314 1713 1346 1762 10

178 1831 260 1907 peto.
308 1825 386 1887 haec
418 1830 522 1891 autem
553 1824 671 1886 utilitas
702 1825 885 1906 plerumque
916 1823 948 1886 in
975 1823 1110 1886 uenditis
1138 1823 1293 1886 mercibus

178 1969 325 2030 magnam
349 1948 460 2030 recipit
482 1949 699 2029 differentiam,
722 1948 818 2012 ueluti
842 1948 914 2012 uiuo
935 1949 1088 2012 frumento
1106 1949 1186 2030 oleo,
1211 1969 1292 2030 quae

179 2093 236 2156 per
260 2072 400 2154 singulas
424 2073 570 2155 regiones
595 2073 721 2136 diuersa
737 2074 853 2137 habent
876 2073 986 2156 pretia.
1024 2094 1097 2136 nam
1121 2073 1148 2136 si
1165 2073 1188 2137 O
1205 2073 1293 2138 aurei

179 2199 299 2261 Romae
324 2219 343 2260 a
366 2217 415 2260 me
439 2204 593 2280 petantur,
618 2204 648 2262 et
671 2219 767 2280 cogar
790 2218 919 2280 merces,
944 2218 1021 2278 quas
1044 2199 1157 2280 habeo,
1182 2199 1293 2263 distra-

179 2323 265 2402 here,
289 2321 430 2404 redigam
455 2342 493 2385 ex
510 2323 557 2385 his
573 2324 653 2386 ibrte
670 2323 833 2386 dumtaxat
849 2343 962 2386 aureos
980 2324 1018 2404 O,
1044 2343 1112 2386 cum
1134 2324 1161 2386 si
1176 2324 1294 2406 Ephesi
1314 2335 1345 2386 15

179 2466 235 2509 eas
260 2446 475 2528 distraherem,
502 2447 587 2510 CXX
611 2468 724 2512 aureos
748 2449 932 2530 redigerem.
971 2469 1072 2527 neque
1091 2449 1123 2511 in
1139 2449 1294 2512 mercibus

180 2571 295 2651 seium,
332 2577 379 2634 set
414 2571 508 2634 etiam
537 2571 568 2635 in
596 2572 667 2655 ipsa
701 2572 835 2654 pecunia
867 2578 1030 2636 numerata
1062 2592 1118 2655 per
1153 2573 1293 2655 singulas

179 2696 327 2778 regiones
356 2703 403 2760 est
431 2696 617 2760 differentia.
675 2717 737 2760 non
766 2697 847 2760 enim
875 2697 907 2760 in
939 2697 1082 2761 omnibus
1113 2698 1294 2780 regionibus

180 2821 291 2886 eadem
322 2826 369 2884 est
397 2842 560 2886 usurarum
587 2821 678 2885 ratio.
724 2823 843 2885 Romae
878 2823 975 2902 enim,
1011 2822 1169 2905 plerisque
1203 2824 1294 2887 fenus

180 2947 411 3022 exercentibus,
434 2967 548 3010 usurae
571 2948 651 3012 forte
676 2947 866 3027 quadrantes
891 2968 910 3010 a
933 2968 983 3011 me
1007 2948 1185 3029 exigentur,
1214 2948 1294 3012 idest
1314 2958 1347 3008 20

180 3072 261 3136 terni
285 3071 373 3135 aurei
396 3092 452 3155 pro
478 3071 634 3136 centenis:
664 3072 695 3136 in
724 3072 888 3155 prouincia
915 3077 1033 3154 autem,
1061 3073 1227 3156 perpaucis
1250 3073 1295 3137 ihi

179 3197 330 3280 pecunias
354 3197 561 3278 credentibus,
587 3197 614 3260 si
630 3182 800 3280 pecuniam
825 3203 963 3260 mutuam
988 3197 1156 3280 accipiam,
1181 3204 1215 3260 ut
1239 3198 1294 3262 tibi

180 3321 311 3402 saluam,
336 3321 496 3384 dimidium
513 3323 713 3404 centesimae,
738 3322 819 3386 idest
835 3343 928 3386 senos
948 3342 1061 3386 aureos
1080 3343 1137 3405 pro
1155 3323 1294 3387 centenis

181 3451 344 3529 praestare
368 3447 499 3511 debebo.
531 3447 637 3528 itaque
661 3449 758 3512 etiam
781 3448 812 3512 in
828 3468 992 3512 usurarum
1013 3448 1135 3511 ratione
1151 3448 1294 3512 differen-

179 3572 256 3635 tiam
280 3571 423 3652 singulae
448 3572 593 3653 regiones
621 3573 778 3636 inducunt.
824 3573 896 3637 ideo
925 3591 1001 3654 ergo
1030 3577 1154 3656 oportet
1176 3572 1346 3655 Ephesiae

180 3696 369 3761 mentionem
397 3696 528 3778 habere,
556 3703 591 3760 ut
613 3697 645 3760 id
670 3698 753 3778 quod
776 3698 906 3762 interest
929 3698 1066 3782 perspici
1089 3698 1198 3781 possit.
1245 3699 1294 3762 sin

181 3827 286 3885 autern
302 3827 333 3885 te
350 3821 522 3886 debitorem
539 3842 641 3886 meum
657 3823 775 3905 Ephesi
790 3843 918 3905 possum
935 3823 1085 3904 inuenire,
1102 3843 1179 3905 pure
1196 3823 1293 3886 inten-

182 3945 269 4028 dam;
304 3966 377 4011 nam
412 3966 481 4013 curn
507 3947 626 4033 Ephesi
653 3968 746 4030 agas,
782 3947 844 4012 loci
875 3948 1062 4012 mentionem
1094 3948 1200 4012 facere
1230 3966 1293 4011 non
