<?xml version="1.0" encoding="UTF-8"?>
<!DOCTYPE html PUBLIC "-//W3C//DTD XHTML 1.0 Transitional//EN"
    "http://www.w3.org/TR/xhtml1/DTD/xhtml1-transitional.dtd">
<html xmlns="http://www.w3.org/1999/xhtml" xml:lang="en" lang="en">
 <head>
  <title>
</title>
<meta http-equiv="Content-Type" content="text/html;charset=utf-8" />
  <meta name='ocr-system' content='tesseract 3.04.00' />
  <meta name='ocr-capabilities' content='ocr_page ocr_carea ocr_par ocr_line ocrx_word'/>
</head>
<body>
  <div class='ocr_page' id='page_1' title='image "./institutionumgr01linggoog_0097.png"; bbox 0 0 3154 5338; ppageno 0'>
   <div class='ocr_carea' id='block_1_1' title="bbox 568 376 799 440">
    <p class='ocr_par' dir='ltr' id='par_1_1' title="bbox 568 376 799 440">
     <span class='ocr_line' id='line_1_1' title="bbox 568 376 799 440; baseline 0.004 -1"><span class='ocrx_word' id='word_1_1' title='bbox 568 376 799 440; x_wconf 73' lang='lat'>-299-</span> 
     </span>
    </p>
   </div>
   <div class='ocr_carea' id='block_1_2' title="bbox 110 561 1289 2673">
    <p class='ocr_par' dir='ltr' id='par_1_2' title="bbox 110 561 1289 2673">
     <span class='ocr_line' id='line_1_2' title="bbox 112 561 1237 642; baseline -0.002 -12"><span class='ocrx_word' id='word_1_2' title='bbox 112 565 311 630; x_wconf 76' lang='lat' dir='ltr'><strong>tractabatur</strong></span> <span class='ocrx_word' id='word_1_3' title='bbox 332 566 496 632; x_wconf 77' lang='lat' dir='ltr'>successio.</span> <span class='ocrx_word' id='word_1_4' title='bbox 541 563 613 630; x_wconf 86' lang='lat' dir='ltr'>licet</span> <span class='ocrx_word' id='word_1_5' title='bbox 636 563 718 628; x_wconf 87' lang='lat' dir='ltr'>enirn</span> <span class='ocrx_word' id='word_1_6' title='bbox 742 567 777 628; x_wconf 88' lang='lat' dir='ltr'>ut</span> <span class='ocrx_word' id='word_1_7' title='bbox 798 561 888 630; x_wconf 91' lang='lat' dir='ltr'>liberi</span> <span class='ocrx_word' id='word_1_8' title='bbox 915 561 1014 630; x_wconf 85' lang='lat' dir='ltr'>uitam</span> <span class='ocrx_word' id='word_1_9' title='bbox 1037 567 1127 628; x_wconf 85' lang='lat' dir='ltr'>suam</span> <span class='ocrx_word' id='word_1_10' title='bbox 1148 579 1237 642; x_wconf 86' lang='lat' dir='ltr'>pero·</span> 
     </span>
     <span class='ocr_line' id='line_1_3' title="bbox 113 680 1238 767; baseline -0.006 -14"><span class='ocrx_word' id='word_1_11' title='bbox 113 687 240 767; x_wconf 84' lang='lat' dir='ltr'>gebant,</span> <span class='ocrx_word' id='word_1_12' title='bbox 263 686 356 751; x_wconf 90' lang='lat' dir='ltr'>simul</span> <span class='ocrx_word' id='word_1_13' title='bbox 379 685 476 751; x_wconf 89' lang='lat' dir='ltr'>uitam</span> <span class='ocrx_word' id='word_1_14' title='bbox 500 690 532 750; x_wconf 88' lang='lat' dir='ltr'>et</span> <span class='ocrx_word' id='word_1_15' title='bbox 553 681 730 750; x_wconf 90' lang='lat' dir='ltr'>libertatem</span> <span class='ocrx_word' id='word_1_16' title='bbox 752 683 938 749; x_wconf 84' lang='lat' dir='ltr'>emittebant</span> <span class='ocrx_word' id='word_1_17' title='bbox 966 683 1065 748; x_wconf 91' lang='lat' dir='ltr'>ueluti</span> <span class='ocrx_word' id='word_1_18' title='bbox 1087 680 1182 754; x_wconf 91' lang='lat' dir='ltr'>serui,</span> <span class='ocrx_word' id='word_1_19' title='bbox 1206 686 1238 746; x_wconf 89' lang='lat' dir='ltr'>et</span> 
     </span>
     <span class='ocr_line' id='line_1_4' title="bbox 112 799 1237 889; baseline -0.007 -18"><span class='ocrx_word' id='word_1_20' title='bbox 112 805 204 889; x_wconf 85' lang='lat' dir='ltr'>quasi</span> <span class='ocrx_word' id='word_1_21' title='bbox 227 824 390 871; x_wconf 89' lang='lat' dir='ltr'>seruorum</span> <span class='ocrx_word' id='word_1_22' title='bbox 412 805 605 886; x_wconf 81' lang='lat' dir='ltr'><strong>accipiebant</strong></span> <span class='ocrx_word' id='word_1_23' title='bbox 627 803 751 885; x_wconf 88' lang='lat' dir='ltr'>patroni</span> <span class='ocrx_word' id='word_1_24' title='bbox 774 821 881 869; x_wconf 90' lang='lat' dir='ltr'>eorum</span> <span class='ocrx_word' id='word_1_25' title='bbox 902 803 1002 868; x_wconf 90' lang='lat' dir='ltr'>bona:</span> <span class='ocrx_word' id='word_1_26' title='bbox 1030 819 1132 884; x_wconf 88' lang='lat' dir='ltr'>neque</span> <span class='ocrx_word' id='word_1_27' title='bbox 1154 799 1237 865; x_wconf 92' lang='lat' dir='ltr'>enim</span> 
     </span>
     <span class='ocr_line' id='line_1_5' title="bbox 111 919 1238 1006; baseline -0.007 -16"><span class='ocrx_word' id='word_1_28' title='bbox 111 926 271 992; x_wconf 78' lang='lat' dir='ltr'>hereditas</span> <span class='ocrx_word' id='word_1_29' title='bbox 293 925 325 989; x_wconf 95' lang='lat' dir='ltr'>in</span> <span class='ocrx_word' id='word_1_30' title='bbox 348 925 448 990; x_wconf 93' lang='lat' dir='ltr'>seruis</span> <span class='ocrx_word' id='word_1_31' title='bbox 481 923 621 1006; x_wconf 81' lang='lat' dir='ltr'>intellegi</span> <span class='ocrx_word' id='word_1_32' title='bbox 643 928 756 1004; x_wconf 86' lang='lat' dir='ltr'>potest,</span> <span class='ocrx_word' id='word_1_33' title='bbox 780 928 828 986; x_wconf 89' lang='lat' dir='ltr'>set</span> <span class='ocrx_word' id='word_1_34' title='bbox 850 923 918 986; x_wconf 91' lang='lat' dir='ltr'>iure</span> <span class='ocrx_word' id='word_1_35' title='bbox 941 921 1052 1003; x_wconf 87' lang='lat' dir='ltr'>peculii</span> <span class='ocrx_word' id='word_1_36' title='bbox 1074 919 1238 1002; x_wconf 84' lang='lat' dir='ltr'>capiebant</span> 
     </span>
     <span class='ocr_line' id='line_1_6' title="bbox 112 1039 1288 1122; baseline -0.009 -13"><span class='ocrx_word' id='word_1_37' title='bbox 112 1045 358 1110; x_wconf 84' lang='lat' dir='ltr'>manumissores</span> <span class='ocrx_word' id='word_1_38' title='bbox 380 1045 462 1110; x_wconf 86' lang='lat' dir='ltr'>bons</span> <span class='ocrx_word' id='word_1_39' title='bbox 491 1062 598 1109; x_wconf 90' lang='lat' dir='ltr'>eorum</span> <span class='ocrx_word' id='word_1_40' title='bbox 628 1063 665 1108; x_wconf 83' lang='lat' dir='ltr'>ex</span> <span class='ocrx_word' id='word_1_41' title='bbox 693 1042 762 1122; x_wconf 88' lang='lat' dir='ltr'>lege</span> <span class='ocrx_word' id='word_1_42' title='bbox 793 1039 891 1106; x_wconf 89' lang='lat' dir='ltr'>Iunia.</span> <span class='ocrx_word' id='word_1_43' title='bbox 945 1041 1020 1106; x_wconf 89' lang='lat' dir='ltr'>haec</span> <span class='ocrx_word' id='word_1_44' title='bbox 1046 1039 1171 1120; x_wconf 89' lang='lat' dir='ltr'>quidem</span> <span class='ocrx_word' id='word_1_45' title='bbox 1201 1058 1238 1104; x_wconf 86' lang='lat' dir='ltr'>ex</span> <span class='ocrx_word' id='word_1_46' title='bbox 1270 1047 1288 1098; x_wconf 79' lang='lat'><strong>5</strong></span> 
     </span>
     <span class='ocr_line' id='line_1_7' title="bbox 111 1159 1237 1246; baseline -0.005 -18"><span class='ocrx_word' id='word_1_47' title='bbox 111 1163 182 1245; x_wconf 90' lang='lat' dir='ltr'>lege</span> <span class='ocrx_word' id='word_1_48' title='bbox 203 1162 312 1244; x_wconf 85' lang='lat' dir='ltr'>Iunia3</span> <span class='ocrx_word' id='word_1_49' title='bbox 339 1169 449 1246; x_wconf 83' lang='lat' dir='ltr'>postea</span> <span class='ocrx_word' id='word_1_50' title='bbox 476 1168 579 1229; x_wconf 88' lang='lat' dir='ltr'>autem</span> <span class='ocrx_word' id='word_1_51' title='bbox 603 1161 634 1226; x_wconf 85' lang='lat' dir='ltr'>S.</span> <span class='ocrx_word' id='word_1_52' title='bbox 658 1159 905 1243; x_wconf 68' lang='lat' dir='ltr'>choganum</span> <span class='ocrx_word' id='word_1_53' title='bbox 935 1159 1052 1225; x_wconf 86' lang='lat' dir='ltr'>iactum</span> <span class='ocrx_word' id='word_1_54' title='bbox 1082 1164 1146 1236; x_wconf 89' lang='lat' dir='ltr'>est,</span> <span class='ocrx_word' id='word_1_55' title='bbox 1176 1175 1237 1238; x_wconf 89' lang='lat' dir='ltr'>quo</span> 
     </span>
     <span class='ocr_line' id='line_1_8' title="bbox 111 1280 1237 1363; baseline -0.004 -15"><span class='ocrx_word' id='word_1_56' title='bbox 111 1290 161 1349; x_wconf 87' lang='lat' dir='ltr'>est</span> <span class='ocrx_word' id='word_1_57' title='bbox 184 1289 322 1363; x_wconf 88' lang='lat' dir='ltr'>cautum,</span> <span class='ocrx_word' id='word_1_58' title='bbox 345 1289 382 1349; x_wconf 93' lang='lat' dir='ltr'>ut</span> <span class='ocrx_word' id='word_1_59' title='bbox 403 1285 637 1350; x_wconf 88' lang='lat' dir='ltr'>manumissoris</span> <span class='ocrx_word' id='word_1_60' title='bbox 659 1283 749 1349; x_wconf 92' lang='lat' dir='ltr'>liberi</span> <span class='ocrx_word' id='word_1_61' title='bbox 773 1302 834 1349; x_wconf 94' lang='lat' dir='ltr'>non</span> <span class='ocrx_word' id='word_1_62' title='bbox 856 1283 1040 1348; x_wconf 85' lang='lat' dir='ltr'>nominatim</span> <span class='ocrx_word' id='word_1_63' title='bbox 1058 1280 1237 1346; x_wconf 86' lang='lat' dir='ltr'>exheredati</span> 
     </span>
     <span class='ocr_line' id='line_1_9' title="bbox 112 1399 1236 1483; baseline -0.006 -15"><span class='ocrx_word' id='word_1_64' title='bbox 112 1403 271 1468; x_wconf 87' lang='lat' dir='ltr'>extraneis</span> <span class='ocrx_word' id='word_1_65' title='bbox 293 1403 461 1470; x_wconf 87' lang='lat' dir='ltr'>heredibus</span> <span class='ocrx_word' id='word_1_66' title='bbox 484 1403 621 1483; x_wconf 88' lang='lat' dir='ltr'>potiores</span> <span class='ocrx_word' id='word_1_67' title='bbox 643 1402 846 1481; x_wconf 88' lang='lat' dir='ltr'>haberentur,</span> <span class='ocrx_word' id='word_1_68' title='bbox 867 1401 951 1482; x_wconf 91' lang='lat' dir='ltr'>quod</span> <span class='ocrx_word' id='word_1_69' title='bbox 967 1401 1007 1465; x_wconf 87' lang='lat' dir='ltr'>ad</span> <span class='ocrx_word' id='word_1_70' title='bbox 1023 1401 1111 1465; x_wconf 89' lang='lat' dir='ltr'>latini</span> <span class='ocrx_word' id='word_1_71' title='bbox 1133 1399 1236 1465; x_wconf 91' lang='lat' dir='ltr'>liberti</span> 
     </span>
     <span class='ocr_line' id='line_1_10' title="bbox 113 1516 1236 1602; baseline -0.004 -16"><span class='ocrx_word' id='word_1_72' title='bbox 113 1521 352 1588; x_wconf 88' lang='lat' dir='ltr'>successionem.</span> <span class='ocrx_word' id='word_1_73' title='bbox 398 1527 433 1586; x_wconf 94' lang='lat' dir='ltr'>ut</span> <span class='ocrx_word' id='word_1_74' title='bbox 455 1539 541 1602; x_wconf 90' lang='lat' dir='ltr'>ecce,</span> <span class='ocrx_word' id='word_1_75' title='bbox 571 1540 666 1586; x_wconf 86' lang='lat' dir='ltr'>manu</span> <span class='ocrx_word' id='word_1_76' title='bbox 694 1521 764 1585; x_wconf 94' lang='lat' dir='ltr'>misi</span> <span class='ocrx_word' id='word_1_77' title='bbox 793 1539 850 1602; x_wconf 89' lang='lat' dir='ltr'>ogo</span> <span class='ocrx_word' id='word_1_78' title='bbox 881 1537 1006 1584; x_wconf 89' lang='lat' dir='ltr'>seruum</span> <span class='ocrx_word' id='word_1_79' title='bbox 1037 1537 1137 1583; x_wconf 92' lang='lat' dir='ltr'>meum</span> <span class='ocrx_word' id='word_1_80' title='bbox 1167 1516 1236 1582; x_wconf 90' lang='lat' dir='ltr'>lati-</span> 
     </span>
     <span class='ocr_line' id='line_1_11' title="bbox 110 1637 1289 1722; baseline -0.007 -16"><span class='ocrx_word' id='word_1_81' title='bbox 110 1659 250 1722; x_wconf 88' lang='lat' dir='ltr'>numque</span> <span class='ocrx_word' id='word_1_82' title='bbox 271 1641 344 1709; x_wconf 87' lang='lat' dir='ltr'>ieci:</span> <span class='ocrx_word' id='word_1_83' title='bbox 368 1648 509 1706; x_wconf 89' lang='lat' dir='ltr'>mortuus</span> <span class='ocrx_word' id='word_1_84' title='bbox 532 1659 601 1706; x_wconf 91' lang='lat' dir='ltr'>sum</span> <span class='ocrx_word' id='word_1_85' title='bbox 623 1641 754 1706; x_wconf 86' lang='lat' dir='ltr'>heredes</span> <span class='ocrx_word' id='word_1_86' title='bbox 777 1638 944 1706; x_wconf 89' lang='lat' dir='ltr'>instituens</span> <span class='ocrx_word' id='word_1_87' title='bbox 967 1637 1082 1702; x_wconf 89' lang='lat' dir='ltr'>liberos</span> <span class='ocrx_word' id='word_1_88' title='bbox 1105 1655 1190 1701; x_wconf 91' lang='lat' dir='ltr'>meos</span> <span class='ocrx_word' id='word_1_89' title='bbox 1206 1644 1237 1703; x_wconf 89' lang='lat' dir='ltr'>et</span> <span class='ocrx_word' id='word_1_90' title='bbox 1257 1647 1289 1699; x_wconf 89' lang='lat'>10</span> 
     </span>
     <span class='ocr_line' id='line_1_12' title="bbox 110 1757 1236 1841; baseline -0.004 -15"><span class='ocrx_word' id='word_1_91' title='bbox 110 1761 208 1826; x_wconf 85' lang='lat' dir='ltr'>etiam</span> <span class='ocrx_word' id='word_1_92' title='bbox 230 1765 404 1827; x_wconf 82' lang='lat' dir='ltr'>extraneos.</span> <span class='ocrx_word' id='word_1_93' title='bbox 450 1781 486 1826; x_wconf 88' lang='lat' dir='ltr'>ex</span> <span class='ocrx_word' id='word_1_94' title='bbox 514 1761 583 1841; x_wconf 90' lang='lat' dir='ltr'>lege</span> <span class='ocrx_word' id='word_1_95' title='bbox 605 1758 695 1826; x_wconf 85' lang='lat' dir='ltr'>Iunio</span> <span class='ocrx_word' id='word_1_96' title='bbox 723 1760 749 1824; x_wconf 92' lang='lat' dir='ltr'>si</span> <span class='ocrx_word' id='word_1_97' title='bbox 778 1758 909 1824; x_wconf 87' lang='lat' dir='ltr'>latinum</span> <span class='ocrx_word' id='word_1_98' title='bbox 940 1757 1017 1822; x_wconf 86' lang='lat' dir='ltr'>mori</span> <span class='ocrx_word' id='word_1_99' title='bbox 1047 1757 1236 1840; x_wconf 82' lang='lat' dir='ltr'>contigisset,</span> 
     </span>
     <span class='ocr_line' id='line_1_13' title="bbox 111 1875 1238 1946; baseline -0.002 -2"><span class='ocrx_word' id='word_1_100' title='bbox 111 1879 206 1946; x_wconf 88' lang='lat' dir='ltr'>liberi</span> <span class='ocrx_word' id='word_1_101' title='bbox 227 1879 288 1944; x_wconf 93' lang='lat' dir='ltr'>mei</span> <span class='ocrx_word' id='word_1_102' title='bbox 309 1879 402 1944; x_wconf 90' lang='lat' dir='ltr'>simul</span> <span class='ocrx_word' id='word_1_103' title='bbox 431 1898 500 1944; x_wconf 91' lang='lat' dir='ltr'>oum</span> <span class='ocrx_word' id='word_1_104' title='bbox 528 1879 683 1945; x_wconf 84' lang='lat' dir='ltr'>extraneis</span> <span class='ocrx_word' id='word_1_105' title='bbox 714 1879 880 1943; x_wconf 88' lang='lat' dir='ltr'>heredibus</span> <span class='ocrx_word' id='word_1_106' title='bbox 909 1877 948 1942; x_wconf 84' lang='lat' dir='ltr'>ed</span> <span class='ocrx_word' id='word_1_107' title='bbox 978 1875 1044 1942; x_wconf 89' lang='lat' dir='ltr'>eius</span> <span class='ocrx_word' id='word_1_108' title='bbox 1072 1877 1154 1942; x_wconf 89' lang='lat' dir='ltr'>bona</span> <span class='ocrx_word' id='word_1_109' title='bbox 1184 1897 1238 1942; x_wconf 91' lang='lat' dir='ltr'>uo·</span> 
     </span>
     <span class='ocr_line' id='line_1_14' title="bbox 113 1997 1237 2080; baseline -0.001 -17"><span class='ocrx_word' id='word_1_110' title='bbox 113 2001 177 2066; x_wconf 88' lang='lat' dir='ltr'>cati</span> <span class='ocrx_word' id='word_1_111' title='bbox 200 2007 317 2066; x_wconf 89' lang='lat' dir='ltr'>essent:</span> <span class='ocrx_word' id='word_1_112' title='bbox 342 2020 379 2066; x_wconf 84' lang='lat' dir='ltr'>ex</span> <span class='ocrx_word' id='word_1_113' title='bbox 401 1997 432 2063; x_wconf 84' lang='lat' dir='ltr'>S.</span> <span class='ocrx_word' id='word_1_114' title='bbox 457 1999 490 2064; x_wconf 84' lang='lat' dir='ltr'>(l.</span> <span class='ocrx_word' id='word_1_115' title='bbox 514 2005 619 2066; x_wconf 83' lang='lat' dir='ltr'>cutem</span> <span class='ocrx_word' id='word_1_116' title='bbox 643 1999 798 2080; x_wconf 88' lang='lat' dir='ltr'>Largiano</span> <span class='ocrx_word' id='word_1_117' title='bbox 820 1998 910 2063; x_wconf 89' lang='lat' dir='ltr'>liberi</span> <span class='ocrx_word' id='word_1_118' title='bbox 933 1997 993 2062; x_wconf 89' lang='lat' dir='ltr'>mei</span> <span class='ocrx_word' id='word_1_119' title='bbox 1022 1997 1237 2066; x_wconf 86' lang='lat' dir='ltr'>tantummodo</span> 
     </span>
     <span class='ocr_line' id='line_1_15' title="bbox 113 2113 1239 2199; baseline -0.003 -16"><span class='ocrx_word' id='word_1_120' title='bbox 113 2118 214 2184; x_wconf 84' lang='lat' dir='ltr'>latino</span> <span class='ocrx_word' id='word_1_121' title='bbox 237 2119 419 2199; x_wconf 88' lang='lat' dir='ltr'>succedent,</span> <span class='ocrx_word' id='word_1_122' title='bbox 443 2137 512 2184; x_wconf 91' lang='lat' dir='ltr'>cum</span> <span class='ocrx_word' id='word_1_123' title='bbox 544 2138 604 2184; x_wconf 92' lang='lat' dir='ltr'>non</span> <span class='ocrx_word' id='word_1_124' title='bbox 631 2117 695 2183; x_wconf 91' lang='lat' dir='ltr'>sint</span> <span class='ocrx_word' id='word_1_125' title='bbox 722 2117 904 2184; x_wconf 88' lang='lat' dir='ltr'>nominatim</span> <span class='ocrx_word' id='word_1_126' title='bbox 932 2113 1123 2182; x_wconf 84' lang='lat' dir='ltr'>exheredati.</span> <span class='ocrx_word' id='word_1_127' title='bbox 1167 2123 1239 2196; x_wconf 84' lang='lat' dir='ltr'>post</span> 
     </span>
     <span class='ocr_line' id='line_1_16' title="bbox 112 2235 1289 2318; baseline -0.003 -17"><span class='ocrx_word' id='word_1_128' title='bbox 112 2238 144 2301; x_wconf 87' lang='lat' dir='ltr'>S.</span> <span class='ocrx_word' id='word_1_129' title='bbox 170 2235 205 2300; x_wconf 88' lang='lat' dir='ltr'>G.</span> <span class='ocrx_word' id='word_1_130' title='bbox 229 2238 417 2318; x_wconf 88' lang='lat' dir='ltr'>Largianum</span> <span class='ocrx_word' id='word_1_131' title='bbox 442 2238 505 2302; x_wconf 87' lang='lat' dir='ltr'>diui</span> <span class='ocrx_word' id='word_1_132' title='bbox 528 2235 654 2302; x_wconf 83' lang='lat' dir='ltr'>Traiani</span> <span class='ocrx_word' id='word_1_133' title='bbox 684 2237 819 2303; x_wconf 88' lang='lat' dir='ltr'>edictum</span> <span class='ocrx_word' id='word_1_134' title='bbox 846 2235 943 2302; x_wconf 90' lang='lat' dir='ltr'>latum</span> <span class='ocrx_word' id='word_1_135' title='bbox 972 2242 1036 2313; x_wconf 90' lang='lat' dir='ltr'>est,</span> <span class='ocrx_word' id='word_1_136' title='bbox 1063 2235 1146 2318; x_wconf 89' lang='lat' dir='ltr'>quod</span> <span class='ocrx_word' id='word_1_137' title='bbox 1176 2238 1289 2299; x_wconf 80' lang='lat' dir='ltr'>ste-15</span> 
     </span>
     <span class='ocr_line' id='line_1_17' title="bbox 111 2353 1235 2438; baseline -0.004 -16"><span class='ocrx_word' id='word_1_138' title='bbox 111 2357 184 2434; x_wconf 90' lang='lat' dir='ltr'>tuit,</span> <span class='ocrx_word' id='word_1_139' title='bbox 208 2361 243 2422; x_wconf 89' lang='lat' dir='ltr'>ut</span> <span class='ocrx_word' id='word_1_140' title='bbox 257 2355 382 2434; x_wconf 88' lang='lat' dir='ltr'>latinus,</span> <span class='ocrx_word' id='word_1_141' title='bbox 405 2357 467 2438; x_wconf 87' lang='lat' dir='ltr'>qui,</span> <span class='ocrx_word' id='word_1_142' title='bbox 483 2357 582 2420; x_wconf 89' lang='lat' dir='ltr'>inuito</span> <span class='ocrx_word' id='word_1_143' title='bbox 605 2356 655 2420; x_wconf 90' lang='lat' dir='ltr'>uel</span> <span class='ocrx_word' id='word_1_144' title='bbox 678 2356 772 2420; x_wconf 86' lang='lat' dir='ltr'>etiam</span> <span class='ocrx_word' id='word_1_145' title='bbox 787 2357 950 2436; x_wconf 88' lang='lat' dir='ltr'>ignorante</span> <span class='ocrx_word' id='word_1_146' title='bbox 972 2360 1113 2434; x_wconf 87' lang='lat' dir='ltr'>patrono,</span> <span class='ocrx_word' id='word_1_147' title='bbox 1129 2353 1235 2419; x_wconf 90' lang='lat' dir='ltr'>ciuita-</span> 
     </span>
     <span class='ocr_line' id='line_1_18' title="bbox 112 2473 1235 2557; baseline -0.004 -16"><span class='ocrx_word' id='word_1_148' title='bbox 112 2483 178 2541; x_wconf 89' lang='lat' dir='ltr'>tem</span> <span class='ocrx_word' id='word_1_149' title='bbox 201 2474 261 2540; x_wconf 91' lang='lat' dir='ltr'>sibi</span> <span class='ocrx_word' id='word_1_150' title='bbox 283 2477 409 2557; x_wconf 86' lang='lat' dir='ltr'>petierit</span> <span class='ocrx_word' id='word_1_151' title='bbox 436 2481 467 2542; x_wconf 90' lang='lat' dir='ltr'>et</span> <span class='ocrx_word' id='word_1_152' title='bbox 496 2474 680 2555; x_wconf 86' lang='lat' dir='ltr'>optinuerit,</span> <span class='ocrx_word' id='word_1_153' title='bbox 710 2476 799 2540; x_wconf 88' lang='lat' dir='ltr'>uiuat</span> <span class='ocrx_word' id='word_1_154' title='bbox 826 2473 952 2554; x_wconf 88' lang='lat' dir='ltr'>quidem</span> <span class='ocrx_word' id='word_1_155' title='bbox 982 2479 1130 2553; x_wconf 87' lang='lat' dir='ltr'>tanquam</span> <span class='ocrx_word' id='word_1_156' title='bbox 1159 2474 1235 2538; x_wconf 90' lang='lat' dir='ltr'>ciuis</span> 
     </span>
     <span class='ocr_line' id='line_1_19' title="bbox 112 2593 1238 2673; baseline -0.004 -13"><span class='ocrx_word' id='word_1_157' title='bbox 112 2613 262 2660; x_wconf 89' lang='lat' dir='ltr'>romanus</span> <span class='ocrx_word' id='word_1_158' title='bbox 286 2603 317 2660; x_wconf 88' lang='lat' dir='ltr'>et</span> <span class='ocrx_word' id='word_1_159' title='bbox 339 2595 463 2658; x_wconf 93' lang='lat' dir='ltr'>omnino</span> <span class='ocrx_word' id='word_1_160' title='bbox 486 2611 683 2658; x_wconf 89' lang='lat' dir='ltr'>romanorum</span> <span class='ocrx_word' id='word_1_161' title='bbox 708 2593 822 2660; x_wconf 93' lang='lat' dir='ltr'>ciuium</span> <span class='ocrx_word' id='word_1_162' title='bbox 849 2594 917 2657; x_wconf 88' lang='lat' dir='ltr'>iure</span> <span class='ocrx_word' id='word_1_163' title='bbox 946 2593 1099 2673; x_wconf 87' lang='lat' dir='ltr'>gaudeat,</span> <span class='ocrx_word' id='word_1_164' title='bbox 1127 2595 1238 2657; x_wconf 89' lang='lat' dir='ltr'>moria-</span> 
     </span>
    </p>
   </div>
   <div class='ocr_carea' id='block_1_3' title="bbox 112 2712 1290 3153">
    <p class='ocr_par' dir='ltr' id='par_1_3' title="bbox 112 2712 1290 3153">
     <span class='ocr_line' id='line_1_20' title="bbox 112 2712 1237 2797; baseline 0 -19"><span class='ocrx_word' id='word_1_165' title='bbox 112 2721 168 2780; x_wconf 89' lang='lat' dir='ltr'>tur</span> <span class='ocrx_word' id='word_1_166' title='bbox 190 2734 266 2779; x_wconf 89' lang='lat' dir='ltr'>uero</span> <span class='ocrx_word' id='word_1_167' title='bbox 288 2719 437 2797; x_wconf 88' lang='lat' dir='ltr'>tanquam</span> <span class='ocrx_word' id='word_1_168' title='bbox 459 2715 586 2782; x_wconf 86' lang='lat' dir='ltr'>latinus.</span> <span class='ocrx_word' id='word_1_169' title='bbox 632 2722 679 2780; x_wconf 89' lang='lat' dir='ltr'>set</span> <span class='ocrx_word' id='word_1_170' title='bbox 701 2715 897 2795; x_wconf 89' lang='lat' dir='ltr'>imperatoris</span> <span class='ocrx_word' id='word_1_171' title='bbox 926 2715 1024 2778; x_wconf 91' lang='lat' dir='ltr'>nostri</span> <span class='ocrx_word' id='word_1_172' title='bbox 1054 2712 1237 2780; x_wconf 92' lang='lat' dir='ltr'>constitutio</span> 
     </span>
     <span class='ocr_line' id='line_1_21' title="bbox 113 2833 1290 2916; baseline -0.007 -16"><span class='ocrx_word' id='word_1_173' title='bbox 113 2835 268 2902; x_wconf 88' lang='lat' dir='ltr'>eiusmodi</span> <span class='ocrx_word' id='word_1_174' title='bbox 290 2835 504 2902; x_wconf 85' lang='lat' dir='ltr'>condicionum</span> <span class='ocrx_word' id='word_1_175' title='bbox 528 2836 612 2902; x_wconf 90' lang='lat' dir='ltr'>uices</span> <span class='ocrx_word' id='word_1_176' title='bbox 634 2834 704 2900; x_wconf 90' lang='lat' dir='ltr'>odio</span> <span class='ocrx_word' id='word_1_177' title='bbox 727 2835 854 2911; x_wconf 88' lang='lat' dir='ltr'>habens,</span> <span class='ocrx_word' id='word_1_178' title='bbox 878 2833 961 2916; x_wconf 90' lang='lat' dir='ltr'>quod</span> <span class='ocrx_word' id='word_1_179' title='bbox 983 2833 1107 2900; x_wconf 88' lang='lat' dir='ltr'>uiueret</span> <span class='ocrx_word' id='word_1_180' title='bbox 1128 2851 1237 2914; x_wconf 90' lang='lat' dir='ltr'>nempe</span> <span class='ocrx_word' id='word_1_181' title='bbox 1255 2841 1290 2892; x_wconf 82' lang='lat' dir='ltr'>no</span> 
     </span>
     <span class='ocr_line' id='line_1_22' title="bbox 113 2951 1238 3032; baseline -0.003 -12"><span class='ocrx_word' id='word_1_182' title='bbox 113 2961 152 3020; x_wconf 90' lang='lat' dir='ltr'>ut</span> <span class='ocrx_word' id='word_1_183' title='bbox 175 2973 334 3032; x_wconf 88' lang='lat' dir='ltr'>romanus,</span> <span class='ocrx_word' id='word_1_184' title='bbox 358 2962 534 3021; x_wconf 87' lang='lat' dir='ltr'>moraretur</span> <span class='ocrx_word' id='word_1_185' title='bbox 556 2963 660 3020; x_wconf 85' lang='lat' dir='ltr'>auteur</span> <span class='ocrx_word' id='word_1_186' title='bbox 685 2960 720 3019; x_wconf 87' lang='lat' dir='ltr'>ut</span> <span class='ocrx_word' id='word_1_187' title='bbox 742 2953 875 3029; x_wconf 89' lang='lat' dir='ltr'>latinus,</span> <span class='ocrx_word' id='word_1_188' title='bbox 903 2952 1044 3032; x_wconf 84' lang='lat' dir='ltr'>aliasque</span> <span class='ocrx_word' id='word_1_189' title='bbox 1074 2951 1238 3018; x_wconf 87' lang='lat' dir='ltr'>difficulta-</span> 
     </span>
     <span class='ocr_line' id='line_1_23' title="bbox 115 3071 1237 3153; baseline -0.003 -14"><span class='ocrx_word' id='word_1_190' title='bbox 115 3084 166 3141; x_wconf 89' lang='lat' dir='ltr'>tes</span> <span class='ocrx_word' id='word_1_191' title='bbox 188 3076 262 3140; x_wconf 90' lang='lat' dir='ltr'>inde</span> <span class='ocrx_word' id='word_1_192' title='bbox 291 3082 376 3140; x_wconf 88' lang='lat' dir='ltr'>ortas</span> <span class='ocrx_word' id='word_1_193' title='bbox 403 3077 544 3153; x_wconf 85' lang='lat' dir='ltr'>sustulit,</span> <span class='ocrx_word' id='word_1_194' title='bbox 573 3093 633 3139; x_wconf 91' lang='lat' dir='ltr'>non</span> <span class='ocrx_word' id='word_1_195' title='bbox 661 3076 751 3140; x_wconf 89' lang='lat' dir='ltr'>modo</span> <span class='ocrx_word' id='word_1_196' title='bbox 780 3071 949 3138; x_wconf 86' lang='lat' dir='ltr'>latinorum</span> <span class='ocrx_word' id='word_1_197' title='bbox 978 3075 1026 3138; x_wconf 91' lang='lat' dir='ltr'>ius</span> <span class='ocrx_word' id='word_1_198' title='bbox 1055 3080 1086 3136; x_wconf 89' lang='lat' dir='ltr'>et</span> <span class='ocrx_word' id='word_1_199' title='bbox 1116 3072 1237 3137; x_wconf 90' lang='lat' dir='ltr'>Iuniam</span> 
     </span>
    </p>
   </div>
   <div class='ocr_carea' id='block_1_4' title="bbox 0 0 1584 5332">
    <p class='ocr_par' dir='ltr' id='par_1_4' title="bbox 0 0 1584 5332">
     <span class='ocr_line' id='line_1_24' title="bbox 0 0 1584 5332; baseline 0 0"><span class='ocrx_word' id='word_1_200' title='bbox 0 0 1584 5332; x_wconf 95' lang='lat' dir='ltr'> </span> 
     </span>
    </p>
   </div>
  </div>
 </body>
</html>
