3298 5322
574 377 816 442 -420—

96 568 122 618 o.
134 555 339 637 Digestorum
367 555 434 619 siue
457 554 688 618 Pandeotarum
715 553 900 635 intellegere
924 551 1006 616 lieet.
1052 556 1082 618 6.
1106 552 1163 616 Est
1186 552 1252 616 alis

133 697 260 759 quoque
289 679 371 742 aetio
399 678 526 742 iurem
554 699 574 741 a
601 683 747 760 praetore
775 675 968 759 introducta,
1002 675 1102 740 ueluti
1131 676 1164 739 iu
1192 677 1252 739 hae

132 802 248 886 speeie.
300 802 437 866 debebat
465 801 593 882 quidam
620 801 778 885 pluribus;
807 800 962 883 quasdam
989 820 1094 864 rerum
1122 820 1249 864 suarum

131 927 295 1007 alienauit,
320 931 352 990 et
368 926 548 1008 dominium,
572 932 680 1011 utpote
697 925 851 1005 dominus,
876 925 909 988 in
925 924 1133 1008 accipientem
1148 929 1250 988 trans-

129 1051 211 1116 tulit.
256 1051 331 1115 lieet
354 1050 576 1132 oreditoribus,
606 1051 723 1132 quiex
750 1049 954 1132 magistratus
983 1049 1140 1114 sententia
1163 1048 1250 1112 debi·
1289 1073 1306 1124 5

129 1175 207 1240 toris
231 1176 316 1239 bona
345 1173 520 1257 possident,
547 1174 696 1255 quoniam
725 1173 758 1238 in
786 1193 895 1238 eorum
924 1173 1068 1238 fraudem
1099 1172 1248 1236 alienatio

129 1300 217 1364 faeta
241 1305 299 1380 est,
324 1319 395 1362 oum
419 1317 466 1380 eo,
491 1299 546 1379 qui
567 1319 634 1362 rem
658 1298 795 1378 detinet,¹
810 1298 844 1362 iu
866 1317 933 1362 rem
955 1297 1077 1362 aotioue
1102 1297 1247 1379 experiri,

129 1441 212 1503 quae
240 1422 430 1486 Pauliana
458 1423 650 1506 appellatur,
679 1423 712 1486 in
742 1441 806 1503 qna
834 1423 879 1486 ita
907 1421 1085 1486 intendunt:
1118 1421 1160 1485 ‘si
1187 1441 1248 1485 res

128 1568 149 1611 a
180 1547 353 1612 debitore
387 1547 531 1612 tradita
563 1567 635 1611 uon
667 1553 783 1627 esset,
819 1555 894 1612 tum
927 1547 960 1611 si
986 1553 1143 1631 pareret
1170 1566 1249 1610 eam

92 1682 204 1735 arem
232 1671 269 1735 in
297 1671 460 1736 dominio
484 1671 670 1736 debitoris
694 1672 899 1738 mansisse'.
947 1676 974 1738 7.
997 1673 1075 1736 Item
1099 1671 1249 1736 semiana
1269 1691 1308 1744 10

128 1795 216 1860 etin
243 1816 309 1862 rem
343 1798 437 1877 quasi
465 1798 613 1862 seruiana
641 1797 737 1881 (quae
765 1797 861 1862 etiam
890 1796 1166 1880 hypothecaria
1193 1817 1248 1862 uo·

127 2044 266 2127 eupiunt.
321 2046 471 2110 semiana
501 2053 606 2110 autem
635 2047 774 2130 experiri
801 2047 872 2128 quis
899 2052 1005 2130 potest
1032 2046 1064 2110 in
1092 2045 1247 2110 eiusmodi

118 2168 248 2251 speeie:
272 2169 403 2233 fundum
426 2189 529 2234 meum
546 2189 565 2233 a
580 2191 631 2234 me
647 2169 825 2236 oonduxisti
841 2178 872 2236 et
888 2171 964 2235 mihi
988 2171 1119 2236 colonus
1142 2170 1245 2234 faetus

126 2312 176 2374 es,
211 2293 365 2359 meroedis
400 2295 526 2360 nomine
554 2295 587 2360 O.
616 2295 721 2360 aureis
761 2296 928 2378 quotannis
965 2296 1042 2360 mihi
1076 2293 1245 2360 soluendis.
1266 2311 1305 2363 lo

124 2415 325 2482 introduxisti
348 2419 381 2483 in
403 2419 485 2486 buno
508 2420 638 2484 fundum
662 2420 816 2502 quasdam
830 2441 892 2502 res,
917 2421 1014 2486 ueluti
1031 2439 1129 2502 equos
1145 2421 1245 2483 bones

125 2541 286 2624 manoipia
314 2549 436 2608 uestem
463 2545 630 2628 peouuiam
664 2551 869 2627 numeratam,
905 2564 943 2610 eo
973 2549 1076 2628 paeto,
1108 2549 1143 2608 ut
1169 2541 1245 2606 mihi

124 2665 281 2730 mercedis
314 2667 440 2734 nomine
468 2669 693 2752 obligarentur.
745 2670 772 2734 si
799 2671 832 2733 iu
859 2669 1057 2734 meroedibus
1083 2666 1245 2732 soluendis

125 2808 241 2872 sesses,
264 2811 391 2874 possum
415 2793 569 2858 aduersus
592 2794 775 2875 quemlibet,
805 2795 859 2875 qui
881 2814 949 2859 rem
972 2813 1012 2858 ex
1035 2794 1084 2858 his
1108 2813 1189 2875 quae
1213 2793 1245 2856 iu

123 2913 255 2978 fundum
270 2935 373 2980 meum
389 2917 508 2982 inlatae
523 2925 605 2999 sunt,
622 2918 794 3001 possideat,
814 2919 963 2983 seruiaua
978 2919 1125 3002 experiri,
1143 2919 1243 2983 donee
1264 2931 1305 2983 20

123 3038 303 3104 mercedem
326 3060 509 3124 consequar.
545 3044 658 3124 qnasi
681 3051 787 3108 autem
811 3044 997 3108 seruiaua
1019 3045 1052 3108 in
1067 3043 1245 3108 huiusmodi
