3370 5350
581 385 814 450 ηπε-

149 573 250 654 regnla
272 592 347 638 usus
370 580 476 653 posset
497 574 568 654 quis
589 575 631 640 ad
653 575 766 640 multos
788 577 906 656 gradus
928 576 1075 658 progredi
1102 581 1134 642 ει
1156 577 1258 642 dicere

149 691 237 756 lilium
260 692 366 772 patrui
389 695 448 758 mei
472 701 676 776 nepotemque
699 714 736 759 ex
764 714 799 760 eo
826 694 902 758 milri
931 695 1083 775 adgnatos
1113 713 1196 777 eeso;
1223 713 1259 760 ao

150 810 324 892 simpliciter
356 829 519 894 quousque
553 813 691 878 leminini
730 833 821 878 sexus
855 831 1020 895 personam
1057 833 1118 880 non
1151 815 1259 879 uideas

147 928 353 1010 cognationem
384 933 677 1012 interrumpentem‚
709 932 852 1014 adgnatis
879 951 970 998 oense
997 933 1051 1016 qui
1080 933 1258 1014 gignantur.

147 1047 204 1114 Neo
226 1053 347 1113 lantum
370 1049 424 1130 qni
447 1051 521 1115 uiuo
543 1055 633 1131 patre
655 1058 704 1116 εει
732 1051 825 1116 etiam
848 1053 902 1131 qui
931 1057 1003 1134 post
1032 1053 1099 1117 cius
1130 1061 1260 1118 mortem
1294 1053 1310 1102 5

147 1175 312 1234 nascuntur
341 1169 639 1250 consanguineitatis
670 1171 740 1235 iura
766 1171 918 1236 aduersus
946 1191 995 1238 mc
1023 1170 1149 1238 habent.
1199 1191 1258 1238 non

146 1306 243 1354 omncs
267 1287 362 1354 simul
383 1290 511 1370 adgnati
534 1291 573 1354 ad
597 1289 737 1356 defuncti
760 1297 912 1356 uocantur
934 1287 1017 1358 bona
1038 1292 1109 1372 lage
1129 1289 1192 1356 XII
1214 1297 1259 1356 ta·

146 1409 299 1485 bularum,
323 1416 372 1472 εει
393 1409 416 1473 ii
439 1410 655 1476 tantummodo
682 1410 735 1489 qui
765 1409 939 1491 proximum
970 1410 1161 1491 optinuerint
1189 1429 1259 1492 gra-

146 1527 212 1590 dum
234 1546 306 1594 cum
332 1533 451 1592 centurn
473 1527 570 1593 fuerit
592 1529 725 1607 aliquem
748 1529 932 1594 intestatum
955 1529 1135 1594 decessisse.
1185 1547 1257 1609 quo·

145 1647 227 1712 modo
248 1645 328 1712 haec
350 1646 532 1728 intellegere
555 1654 679 1728 oportet
700 1647 780 1712 inira
810 1647 976 1713 discemus.
1019 1647 1126 1730 itaque
1149 1649 1176 1712 si
1198 1647 1306 1712 tra-01

145 1773 188 1830 ter
209 1775 304 1846 extat,
328 1773 414 1832 extat
436 1773 623 1850 adpatruus,
647 1787 717 1833 cunr
732 1768 831 1833 frater
846 1767 984 1842 secundi,
1006 1775 1139 1851 patruus
1154 1775 1256 1832 autem

110 1913 129 1962 2,
146 1887 223 1952 tertii
246 1889 290 1952 sit
315 1889 448 1968 gradus,
478 1887 577 1954 irater
604 1888 788 1970 praefertur.
841 1889 870 1952 2.
904 1888 972 1954 Non
1000 1895 1122 1958 tantum
1153 1895 1256 1956 numm

143 2009 308 2087 generatio,
331 2015 380 2073 εει
402 2009 497 2073 etiarn
519 2007 646 2090 adoptio
669 2008 887 2090 cognationem
917 2014 1018 2085 orcam
1048 2017 1084 2074 ut
1111 2026 1200 2086 cccc,
1223 2007 1258 2074 d-

143 2125 212 2188 lium
240 2123 344 2190 habeo
372 2127 560 2192 naturalem:
592 2126 754 2208 quendam.
772 2125 869 2191 otiam
898 2126 1109 2208 adoptandum
1135 2128 1254 2209 accepi:

142 2263 205 2310 seso
226 2245 360 2310 inuicem
383 2265 444 2310 non
468 2249 559 2312 modo
582 2247 734 2327 adgnatos
761 2250 810 2310 εει
833 2252 864 2310 ει
893 2247 1139 2329 consanguineos
1167 2251 1308 2312 noca-15

141 2363 223 2428 bunt.
261 2362 297 2429 Si
319 2371 424 2430 autem
448 2364 542 2430 etiarn
565 2364 645 2431 alius
668 2366 833 2445 adgnatus‚
856 2365 955 2430 ueluti
976 2365 1074 2430 frater
1096 2383 1183 2430 meus
1206 2364 1257 2430 uel

140 2491 266 2563 patruus
291 2483 341 2549 nel
363 2483 446 2548 filius
468 2485 519 2550 uel
541 2503 636 2566 nepos
659 2483 772 2566 patrui,
795 2483 950 2568 quendam
972 2483 1181 2568 adoptauerit,
1204 2483 1257 2549 ad·

106 2617 126 2668 3.
141 2606 240 2682 gnatia
263 2605 347 2668 inter
377 2623 434 2668 nos
463 2605 614 2670 consistit.
665 2603 696 2668 3.
729 2602 897 2672 Hereditas
926 2603 1010 2672 inter
1036 2602 1138 2670 uirilis
1164 2622 1256 2668 serus

141 2739 288 2800 personas
317 2722 516 2804 adgnationis
543 2723 612 2788 iure
642 2722 783 2788 defertur
810 2724 904 2788 etiam
934 2722 960 2788 si
989 2723 1128 2804 longiore
1155 2721 1256 2806 gradu

141 2840 302 2906 defunctus
336 2841 466 2921 eiusque
493 2859 655 2907 successor
683 2842 814 2908 inuicem
840 2841 913 2906 sint.
965 2848 1014 2906 εει
1043 2841 1124 2906 enim
1151 2841 1308 2922 patruino

140 2960 272 3044 abnepos
300 2980 357 3042 per
390 2979 498 3026 omnes
531 2959 632 3026 uirilis
664 2979 757 3026 sexus
790 2979 938 3042 personas
966 2961 1170 3038 descendens
1200 2959 1255 3041 qui

139 3079 267 3160 septimo
293 3086 341 3144 est
362 3081 476 3160 gradu:
500 3099 570 3144 cum
593 3080 675 3146 enim
697 3090 828 3164 patruus
851 3079 945 3147 tertio
974 3081 1016 3146 sit
1042 3081 1158 3162 gradu,
1188 3079 1255 3144 eius

139 3197 214 3263 filius
237 3205 364 3281 quarto,
388 3199 456 3264 eius
479 3218 575 3281 nepos
602 3199 728 3280 quinto,
757 3201 824 3265 eius
851 3219 1005 3282 pronepos
1035 3207 1137 3276 sexto,
1167 3204 1255 3282 patet

139 3319 267 3400 septimo
292 3337 360 3386 esse
383 3319 577 3402 abnepotem.
601 3317 688 3384 Haeo
709 3338 785 3384 uero
807 3318 890 3384 inter
912 3319 1076 3384 masculos.
1100 3317 1127 3382 ei
1149 3324 1253 3400 autem

137 3435 248 3502 femina
270 3441 315 3504 sit
337 3457 417 3520 quae
437 3437 644 3504 hereditatem
671 3444 775 3519 petat,
804 3438 877 3504 olim
907 3443 1031 3518 poterat
1056 3435 1254 3520 adgnationis
1272 3448 1307 3500 aa
