3384 5314
823 395 1098 462 —492u‘

384 571 436 634 καί
459 567 530 636 πᾶν
552 566 634 656 όττερ
658 569 725 637 άπὸ
752 571 857 658 χειρός
884 593 972 646 τινος
1000 569 1210 654 ἐκπέμπεται.
1257 567 1333 646 ύςτε
1362 561 1423 637 οόν
1449 570 1502 634 καὶ

384 679 478 753 λίθος
501 679 554 742 καὶ
577 676 674 755 ξύλον
697 679 750 742 καὶ
778 678 908 766 σίδηρος
936 675 1042 765 τούτῳ
1071 676 1251 763 περιέχεται
1278 679 1324 764 τῷ
1351 675 1501 760 ὀνόματι.

384 782 573 868 οόνύμασται
596 786 634 849 δὲ
657 787 803 862 ‘telum',
826 782 939 872 ἐπειδὴ
962 785 1015 848 ἐπὶ
1038 782 1200 870 διάστημα
1222 785 1275 848 καὶ
1296 781 1398 869 μῆκος
1421 783 1500 866 πέμ-

383 916 476 956 πεται
498 889 567 957 άπὸ
591 889 755 980 ἑλληνικῆς
783 900 895 978 φωνῆς
923 890 1142 977 σχηματισθὲν
1169 887 1235 955 άπδ
1264 892 1324 954 τού
1349 887 1501 976 τηλοῦῑ)

349 1001 527 1064 5‘telum’.
577 999 632 1062 καὶ
666 995 785 1083 ταύτην
819 996 877 1077 την
909 1002 1068 1084 σημασίαν
1094 994 1197 1083 εύρεῖν
1227 996 1367 1063 δυνατὸν
1393 996 1430 1061 ἐν
1456 1005 1504 1084 τῷ

383 1104 535 1193 ἑλληνικῷ
555 1103 702 1189 ὀνόματι.
734 1099 815 1190 ὅπερ
837 1102 898 1191 γὰρ
915 1104 1063 1188 Ῥωμαῖοι
1080 1106 1195 1170 ‘telum’
1213 1102 1502 1190 προσαγορεύουσι,

382 1209 481 1275 τούτο
505 1210 648 1297 Ἕλληνες
676 1211 822 1293 ιβέλοςι
851 1209 1067 1294 ὀνομάζουσιν
1094 1209 1160 1274 άπὸ
1189 1212 1248 1275 τοῦ
1276 1202 1515 1293 βάλλεσθαι.Ι

381 1317 498 1384 τούτου
522 1318 590 1402 153²)
614 1315 736 1402 μάρτυς
762 1315 921 1404 Ξενοφῶν
944 1313 1029 1382 ούτω
1054 1316 1206 1405 γράφων·
1231 1319 1311 1382 »καὶ
1338 1315 1385 1382 τά
1411 1321 1502 1403 βέλη

382 1425 477 1509 ύμού
501 1425 662 1511 ἐφέρετο
680 1426 817 1510 λογχαί
837 1424 1057 1508 τοξεύματα
1084 1424 1298 1512 σφενδόναι
1323 1429 1499 1490 πλεῖστοι

330 1547 363 1598 10
383 1532 424 1595 δὲ
457 1533 522 1596 καὶ
553 1533 725 1619 λίθοιιῧ).
770 1532 824 1596 καὶ
855 1530 1024 1616 προτάξας
1051 1530 1090 1596 τὸ
1126 1529 1229 1616 ὄνομα
1260 1533 1320 1597 τού
1343 1535 1498 1615 (θέλους’

382 1637 520 1724 ἐπήγαγε
543 1637 583 1704 τὰ
608 1637 690 1724 ἑξῆς.
737 1637 755 1705 δ
780 1638 816 1703 δὲ
840 1637 938 1722 νόμος
962 1638 1085 1724 λέγεται
1109 1639 1271 1705 Οοτού]ἰοε
1288 1641 1338 1704 ‘de
1355 1641 1500 1705 sicariis'.

382 1747 517 1811 siearii
541 1745 608 1832 62⁴)
625 1747 775 1825 λέγονται
791 1743 822 1810 οἳ
837 1743 1043 1833 άνδροφόνοι
1059 1747 1110 1830 a⁵)
1123 1747 1233 1828 ιτίετ’,
1257 1741 1338 1833 ὅπερ
1355 1747 1501 1833 σημαίνει

382 1851 518 1940 σιδηράν
540 1851 713 1937 μάχαιραν.
763 1851 812 1935 0⁸⁶)
841 1850 940 1928 αὐτός
967 1852 1065 1936 νόμος
1093 1854 1147 1917 καὶ
1174 1851 1292 1940 γόητας
1319 1855 1500 1940 κεφαλικῶς

380 1972 574 2044 τιμωρεῖται,
598 1967 633 2024 οἳ
651 1959 778 2042 τέχναις
801 1963 1026 2045 μεμισημέναις
1047 1961 1103 2024 καὶ
1126 1958 1311 2047 φαρμάκοις
1333 1961 1390 2024 καὶ
1403 1984 1498 2044 μαγι-

329 2079 361 2130 15
380 2077 449 2140 κοῖς
480 2071 695 2154 ψιθυρισμοῖς
729 2064 800 2153 ἦτοι
831 2065 1002 2142 ἐπαοιδαῖς
1035 2066 1225 2154 άυαιροῦσιν
1250 2065 1501 2155 α’νθριύπουςῆ

380 2171 549 2256 θανάσιμα
572 2171 727 2260 φάρμακα
752 2173 892 2258 δημοσίᾳ
916 2170 1167 2260 πιπράσκουσιν.
1203 2179 1232 2242 6.
1243 2171 1334 2239 Ἐστι
1355 2174 1422 2257 δὲΊ)
1445 2177 1500 2238 καὶ
1510 2181 1538 2232 6.

379 2277 398 2344 δ
421 2277 594 2365 Πομπήϊος
611 2280 661 2344 ‘de
676 2280 863 2364 parricidiis'
880 2277 1085 2365 τραχύτατον
1104 2279 1278 2367 άμάρτημα
1297 2285 1499 2369 καινοτέροις

379 2383 574 2468 ύποβάλλωυ
605 2388 780 2470 τιμωρίαις.
839 2384 1038 2474 διηγόρευται
1066 2387 1103 2451 δὲ
1130 2385 1253 2474 τούτῳ,
1280 2394 1336 2453 ίνα
1363 2386 1423 2453 ἐάν
1448 2413 1499 2464 τις

378 2492 475 2582 άνέλη
498 2493 570 2557 τινά
594 2491 659 2558 τῶν
681 2491 842 2558 άνιύντων
865 2491 887 2578 ἤ
909 2491 980 2558 υἳδν
1002 2490 1103 2579 ἤγουν
1129 2491 1202 2558 τινά
1226 2496 1292 2559 τῖον
1319 2493 1500 2560 κατιόντων

326 2613 360 2664 20
378 2603 435 2686 τῆς
458 2597 637 2685 τοιαύτηςθ)
667 2599 844 2676 διαθέσεως
868 2601 920 2664 καὶ
947 2601 993 2687 τῷ
1019 2598 1156 2684 ὀνόματι
1183 2596 1244 2666 τού
1266 2601 1497 2686 ‘parricidae’⁹)

377 2705 604 2793 περιεχόμενον
626 2705 740 2791 λάθρα
754 2705 776 2791 ἢ
792 2708 940 2794 φανερῶς
955 2704 1103 2772 κάκεῖνυν
1111 2708 1145 2788 ¹⁰)
1170 2707 1218 2784 δὲ,
1242 2706 1281 2772 οὗ
1297 2707 1380 2774 κατά
1398 2709 1499 2774 δόλον

378 2822 475 2878 τοῦτο
500 2812 632 2892 γέγονεν
653 2811 675 2898 ἢ
690 2813 726 2889 ὃς
742 2812 913 2900 σύνοιδεῃ)
929 2815 975 2901 τῷ
995 2814 1211 2902 γενομένῳη),
1234 2817 1262 2880 εἰ
1277 2817 1330 2880 καὶ
1345 2814 1498 2893 ἐξωτικύς

377 2919 475 2996 ἐστιν,
498 2917 710 3010 ύποβάλληθ)
734 2917 772 3010 τῇ
795 2919 929 3010 τοιαύτη
951 2926 1099 3005 τιμωρίᾳ.
1143 2920 1183 2988 οὐ
1205 2923 1299 3009 ξίφος
1322 2921 1453 3008 ἐπάγων
1477 2921 1498 2988 δ

377 3025 477 3110 νόμος
494 3026 570 3093 οὐδὲ
586 3028 666 3112 πυρὶ
681 3025 897 3114 παραδιδούς,
918 3024 995 3093 οὐδὲ
1011 3025 1093 3118 άλλη
1105 3030 1167 3093 τινὶ
1178 3037 1248 3094 τῶν
1258 3030 1451 3113 εἰθισμένων
1458 3030 1498 3114 ¹⁴)

324 3146 358 3197 25
377 3136 542 3220 τιμωριῶν
573 3136 691 3198 τοῦτον
723 3132 935 3217 ύποβάλλων,
970 3133 1040 3199 ἀλλ’
1065 3133 1100 3199 έν
1131 3133 1220 3222 α’σκῷ
1247 3141 1342 3222 βοείῳ
1377 3145 1499 3201 τοῦτον

376 3239 525 3324 ἐμβάλλει
547 3238 627 3325 μετά
643 3238 737 3317 κυνὸς
753 3243 805 3305 καί
824 3239 1035 3326 άλεκτρύονος
1050 3242 1103 3306 καὶ
1123 3241 1252 3330 ἐχίδνης
1275 3244 1329 3308 καὶ
1350 3241 1498 3330 πιθήκου

375 3348 429 3410 καὶ
456 3345 559 3423 οὕτως
594 3346 693 3414 αὐτὸν
727 3345 900 3435 συρράπτει
926 3349 972 3435 τῷ
998 3344 1087 3435 άσκῷ
1095 3350 1144 3434 15),
1176 3347 1253 3425 ὦςτε
1281 3348 1402 3434 μεταξύ
1431 3357 1498 3415 τῶν

375 3450 533 3518 τοιούτων
556 3459 683 3541 θηρίων
705 3453 741 3520 έν
764 3467 886 3530 στενοῖς
914 3451 1125 3538 συνεχόμενον
1146 3454 1232 3520 κατά
1254 3455 1313 3546 την
1333 3457 1497 3544 ποιότητα

465 3721 485 3787 ¹)
504 3718 574 3774 tfilus
594 3720 649 3773 L².:
670 3723 762 3782 τέλους
780 3720 823 3774 R:
843 3724 939 3792 βέλους
957 3721 1001 3775 Vi.
1023 3721 1055 3776 G.
1254 3721 1276 3792 ²)
1296 3725 1342 3779 καὶ
1361 3727 1444 3782 τοῦδε
1462 3726 1493 3780 Ρ.

375 3809 397 3875 ³)
417 3809 441 3864 δ’
461 3809 491 3864 ἐκ
510 3813 564 3863 τῶν
581 3813 685 3882 χειρῶν
703 3813 757 3865 λίθ.
777 3808 903 3878 Xenoph.
922 3810 984 3864 libri
1003 3808 1100 3881 (Ἀνάβ.
1120 3813 1145 3880 5,
1165 3814 1190 3881 2,
1211 3811 1262 3879 14).
1370 3814 1393 3882 ⁴)
1412 3813 1439 3872 (l.
1459 3815 1493 3869 V.

376 3899 397 3965 ⁵)
416 3899 458 3950 Ll.
478 3898 521 3951 R:
541 3902 592 3958 oet.
613 3898 643 3953 ἐκ
662 3902 710 3953 τοῦ
729 3915 750 3952 s·
899 3899 920 3966 ⁶)
940 3900 971 3954 δὲ
988 3900 1040 3952 ins,
1059 3899 1102 3952 Vi.
1122 3899 1155 3953 R.
1308 3901 1330 3968 ²)
1350 3901 1376 3956 d.
1395 3902 1441 3958 Vi.
1459 3903 1492 3958 R.

375 3986 397 4053 ⁸)
416 3984 498 4054 αὐτῆς
516 3986 559 4039 Vi.
579 3987 613 4040 R.
722 3985 745 4054 ⁰)
763 3986 837 4040 ——dii
855 3988 901 4041 R.:
922 3987 983 4042 eod.
1001 4002 1057 4042 reo.
1075 3989 1172 4056 parias
1192 3988 1287 4044 -cffls,
1376 3991 1409 4060 ¹⁰)
1430 4014 1494 4053 --ις

375 4075 418 4128 vi.
438 4075 471 4130 R.
553 4077 587 4141 ll)
607 4077 699 4130 ·-εῖδε
718 4075 754 4129 V.
774 4075 817 4130 Vl.
900 4076 933 4144 12)
954 4079 1008 4131 τόν
1025 4079 1183 4148 γινομένων
1200 4077 1230 4133 Ρ.
1309 4078 1344 4146 13)
1363 4083 1492 4148 -λληται

377 4162 418 4215 vi.
438 4163 471 4216 R.
581 4163 738 4229 14χσυντιθ.
759 4163 854 4218 VLR.
964 4163 1000 4231 ¹⁵)
1020 4162 1068 4220 τόν
1086 4162 1171 4221 άσκδν
1188 4166 1228 4220 Pi.
1247 4165 1277 4221 P.
