3164 5338
536 452 571 462 —
618 415 764 479 347-

105 600 204 676 oultas,
234 603 344 664 contra
370 620 462 682 quern
485 602 563 666 uelit
584 603 615 666 in
638 602 772 666 solidum
795 622 897 686 agere.
942 610 991 670 set
1013 627 1049 672 ex
1072 608 1209 688 epistula

103 717 241 783 Hadriani
263 719 472 802 imperatoris·
485 723 682 804 compellitur
704 705 841 788 creditor
863 743 882 788 a
901 725 1031 807 singulis
1047 726 1208 794 fideiusso-

103 839 185 916 ribus,
209 839 263 919 qui
285 840 348 905 litis
372 846 567 907 contestatae
589 847 730 924 tempore
752 843 902 909 soluendo
925 846 1001 926 siut,
1025 855 1132 928 partes
1156 867 1209 930 pe·

101 964 165 1022 tere.
209 957 342 1040 ideoque
370 960 396 1024 si
426 961 494 1042 quis
522 981 559 1025 ex
581 959 815 1028 fideiussoribus
844 983 880 1029 eo
909 970 1050 1048 tempore
1079 968 1229 1046 nonin-1

101 1077 235 1142 ueniatur
261 1078 425 1156 soluendo,
455 1081 521 1146 eius
548 1081 737 1148 insoluentia
759 1088 879 1149 ceteros
909 1089 1027 1150 onerat.
1072 1091 1109 1150 ut
1137 1097 1240 1153 acceo

99 1200 226 1280 quinque
248 1207 339 1266 erant
358 1200 565 1280 fideiussores,
590 1203 701 1269 cumO
724 1205 810 1270 aurei
827 1205 1029 1271 deberentur:
1053 1205 1080 1271 si
1102 1225 1209 1272 omnes

97 1319 238 1386 soluendo
271 1322 351 1401 sint,
389 1323 503 1404 singuli
535 1342 592 1405 pro
626 1324 686 1388 XX
713 1325 816 1390 aureis
851 1325 1095 1390 conueniuutur:
1134 1344 1207 1390 cum

98 1459 200 1505 uerum
224 1461 260 1506 ex
283 1443 326 1508 eis
349 1463 430 1508 unus
452 1463 515 1508 non
537 1445 580 1510 sit
602 1444 766 1538 soluendo,
796 1445 862 1511 eius
885 1445 1073 1511 insoluentia
1096 1445 1208 1511 ceteris

95 1560 238 1625 damnum
261 1561 376 1642 adfert3
403 1583 460 1628 nec
488 1564 570 1629 enim
597 1584 616 1628 a
639 1568 790 1646 quattuor
816 1564 877 1629 illis
906 1564 1037 1645 singulis
1060 1563 1133 1642 XX,
1160 1568 1209 1629 set

93 1681 176 1746 XXV
203 1683 292 1747 aurei
318 1689 474 1765 petentur.
525 1687 574 1750 set
600 1685 627 1749 si
655 1690 729 1767 post
755 1685 819 1750 litis
849 1683 1109 1750 contestationem
1138 1701 1209 1748 con·
1229 1690 1260 1742 ιο

93 1801 190 1882 tingat
211 1822 310 1867 unum
333 1804 429 1869 exiis
452 1823 514 1868 non
536 1804 686 1870 soluendo
709 1803 786 1879 fieri,
809 1805 876 1870 eius
898 1803 1088 1870 insoluentia
1111 1802 1209 1868 credi-

91 1921 148 1986 tori
170 1941 236 1986 non
258 1921 492 1989 fideiussoribus
514 1924 647 2008 nocebit.
693 1930 742 1990 set
763 1930 795 1989 et
816 1925 843 1989 si
865 1924 935 2005 quis
959 1943 1029 1989 cum
1051 1941 1113 1988 uno
1135 1922 1209 1989 fide·

89 2041 210 2107 iussore
234 2061 328 2124 agens
351 2044 486 2109 solidum
508 2048 727 2127 consequatur,
750 2045 843 2110 huius
863 2042 963 2110 'solius
987 2044 1210 2110 detrimentum

89 2162 161 2240 crit,
190 2181 295 2244 neque
318 2164 400 2228 enim
422 2165 451 2228 ei
473 2184 544 2229 cum
575 2165 686 2230 ceteris
709 2163 944 2231 fideiussoribus
968 2182 1062 2244 agere
1083 2163 1211 2245 permit-

88 2285 189 2360 tetur,
214 2301 318 2363 neque
340 2302 411 2348 cum
434 2303 487 2349 reo
510 2285 684 2367 principali,
715 2304 785 2351 oum
806 2303 869 2348 uon
892 2284 1042 2349 soluendo
1066 2285 1124 2361 sit,
1150 2283 1261 2348 uti-15

87 2401 157 2466 liter
180 2401 360 2480 contendet,
385 2407 418 2468 et
438 2404 550 2469 merito
566 2405 692 2485 quidem
715 2403 869 2469 eiusmodi
883 2402 1049 2468 fideiussor
1071 2403 1130 2468 sibi
1151 2403 1209 2466 im-

85 2522 225 2601 putabit,
251 2541 321 2587 cum
343 2524 483 2604 potuerit
498 2529 671 2589 conuentus
687 2543 724 2589 ex
739 2523 874 2604 epistula
895 2521 960 2586 diui
981 2520 1134 2586 Hadriani
1157 2522 1210 2588 ad-

83 2641 189 2706 iuuari
211 2646 249 2706 et
270 2640 393 2708 efficere
415 2647 452 2707 ut
472 2663 529 2724 pro
553 2643 661 2708 eadem
684 2647 781 2724 atque
802 2643 834 2707 in
857 2647 976 2708 cetoros
999 2645 1098 2723 parte,
1121 2643 1153 2706 in
1176 2661 1210 2708 se

47 2768 67 2816 5-
84 2761 166 2826 aetio
192 2761 334 2826 daretur.
381 2764 408 2825 5.
440 2762 655 2828 Fideiussorcs
681 2762 727 2826 ita
756 2762 888 2843 obligari
915 2780 976 2827 non
998 2766 1146 2842 possunt,
1173 2766 1210 2826 ut

79 2885 151 2966 plus
177 2884 328 2958 debeant,
352 2902 446 2965 quam
470 2883 620 2962 debetis,
644 2901 701 2965 pro
725 2901 787 2963 qno
811 2882 999 2964 obligantur.
1041 2901 1114 2947 nam
1136 2880 1210 2946 fide
1227 2884 1260 2934 2⁰

76 3005 249 3070 iussorum
273 3004 422 3087 obligatio
445 3005 581 3070 accessio
604 3009 661 3082 cst,
685 3023 787 3086 neque
801 3003 872 3086 plus
888 3003 920 3067 in
943 3003 1119 3068 accessione
1141 3020 1210 3067 esse

78 3129 190 3204 potest
215 3143 313 3206 quarn
328 3125 360 3188 iu
376 3143 411 3188 re
432 3123 605 3206 principali.
638 3127 672 3188 at
693 3142 730 3188 ex
753 3122 878 3188 diuerso
899 3126 935 3186 ut
949 3122 1052 3187 miuus
1076 3121 1211 3186 debeant

75 3243 219 3326 obligari
250 3248 397 3325 possunt:
430 3247 462 3308 et
487 3243 596 3324 itaque
623 3243 651 3307 si
679 3241 859 3324 principalis
886 3260 959 3306 reus
988 3241 1007 3304 i.
1032 3260 1057 3306 e.
1087 3239 1210 3305 debitor

75 3363 189 3430 decem
216 3381 333 3427 aureos
361 3361 436 3426 dare
462 3361 629 3444 spondeat,
658 3362 797 3443 quinque
820 3362 859 3427 ab
881 3359 1117 3427 fideiussoribus
1141 3359 1210 3426 dari
1271 3445 1274 3451 Ι

72 3489 163 3550 recte
195 3482 406 3564 stipulamur,
435 3486 496 3560 set,
524 3481 551 3546 si
578 3500 650 3546 reus
676 3481 857 3563 principalis
880 3479 1018 3562 quinque
1045 3479 1207 3561 spondeat,
1227 3478 1259 3530 25

70 3602 256 3670 fideiussor
278 3620 341 3666 uon
369 3606 454 3667 recte
479 3601 512 3665 in
539 3601 645 3666 decem
673 3601 834 3682 accipitur.
879 3600 955 3664 item
977 3599 1003 3664 si
1030 3617 1102 3664 reus
1124 3599 1208 3682 priu-

70 3725 188 3810 cipalis
215 3741 301 3805 pure
321 3721 517 3804 promiserit,
548 3719 713 3786 fideiussor
735 3719 794 3784 sub
823 3719 1002 3784 condicione
1023 3717 1208 3802 promittere

67 3851 194 3928 potest
237 3847 274 3908 at
295 3861 333 3908 ex
348 3842 473 3908 diuerso
493 3842 520 3908 si
541 3841 720 3924 principalis
736 3840 794 3907 sub
817 3840 996 3906 condicione
1018 3838 1207 3922 promiserit,
