3164 5338
534 429 765 494 -345-

63 619 144 682 aouel
164 618 354 683 adulterium
369 635 403 682 se
418 617 576 682 facturum
591 617 755 699 promittat
798 619 848 680 25.
872 617 905 681 Si
928 607 998 698 quis
1021 599 1207 699 sobolique

100 737 271 803 condicione
292 737 387 802 luerit
401 737 581 818 stipulatus,
605 740 637 802 et
659 741 731 802 ante
747 737 956 803 condicionem
972 737 1140 819 stipulator
1156 737 1207 802 de-

100 858 234 936 cesserit,
265 863 376 939 postea
398 857 550 922 existente
572 857 751 921 condicione
780 855 959 939 stipulantis
981 857 1071 922 heres
1094 877 1132 922 ex
1154 858 1208 922 sti-

97 978 201 1058 pulatu
230 977 384 1041 actionem
412 975 548 1040 habebit.
600 976 683 1040 idem
712 982 761 1040 est
782 977 877 1041 etiam
906 977 933 1041 si
960 977 1134 1058 promissor
1156 977 1207 1041 de

98 1097 232 1172 cesserit,
257 1095 367 1160 deinde
390 1095 529 1160 condicio
551 1073 720 1160 exstiterit:
748 1096 838 1161 heres
861 1097 943 1161 enim
965 1097 1032 1162 eius
1055 1097 1240 1166 nihilum-⁵

56 1222 148 1280 lss-nus
174 1215 388 1280 conuenietur.
422 1217 471 1279 26.
496 1215 555 1293 Qui
578 1215 636 1280 hoe
653 1234 733 1280 anno
756 1215 808 1280 uel
829 1215 888 1280 hoo
910 1234 1016 1280 mense
1039 1215 1114 1280 dare
1136 1234 1207 1297 pro-

94 1336 209 1412 mittat,
239 1336 299 1400 nisi
316 1336 464 1400 omnibus
488 1335 561 1400 anni
583 1354 639 1400 seu
661 1336 776 1400 mensis
799 1335 978 1416 praeteritis
1002 1335 1120 1414 diebus,
1144 1354 1207 1400 nou

53 1459 174 1519 areete
203 1455 416 1520 conueniatur.
463 1457 512 1520 27.
537 1455 571 1520 Si
599 1455 729 1519 fundum
759 1453 955 1520 hominemne
978 1455 1053 1520 dare
1075 1473 1209 1536 spopon-

92 1574 181 1651 deris
206 1593 269 1638 non
292 1575 409 1656 poteris
426 1575 571 1639 continuo
590 1575 758 1654 conueniri,
782 1575 841 1640 nisi
863 1580 987 1640 tantum
1010 1575 1103 1656 spatii
1118 1593 1208 1656 prae-

92 1695 221 1773 terierit
245 1713 307 1776 quo
330 1695 458 1759 traditio
480 1694 548 1761 fieri
569 1697 677 1778 possit.
1229 1703 1259 1753 10

551 1989 751 2002 nau—“—

374 2309 421 2374 De
441 2307 687 2374 fideiussoribus.
733 2307 856 2374 litulus
879 2309 929 2373 20.

169 2461 238 2526 Pro
254 2477 290 2523 eo
306 2460 361 2542 qui
375 2461 533 2542 promittit
547 2461 649 2526 solent
664 2461 716 2525 alii
731 2461 863 2542 obligari
878 2461 932 2542 qui
954 2459 1208 2525 fideiussores

81 2580 308 2662 appellantur,
340 2597 419 2661 quos
449 2580 589 2647 homines
619 2581 758 2662 accipere
788 2581 888 2646 solent
917 2580 992 2645 dum
1015 2579 1146 2658 euram,
1173 2575 1210 2642 u't
1288 2664 1292 2673 ι

43 2707 61 2754 ¹.
79 2701 187 2764 tutius
213 2698 275 2764 sibi
297 2698 336 2763 de
365 2704 525 2764 contracto
555 2701 680 2781 negotio
708 2705 835 2764 cautum
857 2699 907 2764 sit.
955 2683 1208 2764 inauribus

77 2826 195 2885 autem
219 2819 463 2900 obligationibus
485 2817 684 2884 fideiussores
707 2819 805 2900 aeeipi
827 2819 937 2896 solent,
960 2817 993 2882 id
1015 2823 1064 2884 est
1085 2819 1152 2891 siue
1174 2836 1209 2882 re

77 2940 148 3004 siue
174 2938 288 3002 uerbis
311 2937 378 3003 sine
401 2937 514 3002 litteris
537 2937 605 3002 siue
627 2955 779 3002 consensu
802 2941 981 3002 contractae
1003 2935 1127 3001 fuerint.
1173 2955 1209 3001 ae
1230 2950 1259 2998 15

74 3079 114 3123 ne
139 3059 232 3123 illud
255 3058 381 3140 quidem
407 3059 539 3123 interest
568 3063 675 3122 utrum
699 3058 798 3124 ciuilis
826 3077 866 3122 an
892 3057 1046 3122 naturalis
1069 3057 1110 3121 sit
1133 3057 1209 3121 obli-

71 3181 177 3260 gatio,
209 3179 263 3242 eui
286 3178 441 3243 adiciatur
461 3177 634 3243 fideiussor.
678 3178 754 3259 quid
777 3181 883 3242 autem
904 3178 963 3243 hoo
984 3177 1044 3242 sibi
1066 3176 1143 3242 uelit
1165 3175 1210 3239 di·

70 3301 223 3363 cendum
248 3303 305 3362 est.
351 3299 437 3362 Haeo
459 3298 600 3379 inprimis
627 3303 792 3380 perspecta
814 3299 939 3364 habeas.
985 3297 1209 3378 obligationum

68 3421 157 3484 aliae
176 3419 327 3484 ciuiles
343 3423 426 3496 sunt,
450 3419 529 3482 aliae
550 3419 758 3482 naturales:
782 3417 914 3482 ciuiles
937 3421 1020 3494 sunt,
1045 3395 1209 3497 exquibus
