3298 5322
308 1320 444 1418 Incipit
473 1341 561 1396 oum
590 1321 672 1396 Deo
702 1322 895 1398 Institutio
924 1323 1001 1414 lV52.

129 1691 175 1754 De
199 1690 448 1772 obligationibus
473 1711 553 1772 quae
578 1711 618 1756 ex
642 1692 756 1757 delioto
779 1699 957 1757 naseuntur.
1004 1693 1126 1758 Titulus
1153 1698 1179 1760 1.

183 1849 261 1914 Cum
286 1851 462 1932 expositum
486 1851 526 1915 sit
553 1852 715 1934 superiore
738 1853 818 1916 libro
843 1853 882 1916 de
911 1853 1156 1934 obligationibus
1180 1859 1211 1917 et

98 1974 281 2054 aetionibus,
307 1994 389 2055 1666
413 1995 453 2038 ex
477 1981 639 2040 eontraetu
662 1984 840 2058 naseuntur,
864 1977 1005 2058 sequitur
1020 1983 1054 2041 ut
1078 1977 1116 2042 (16
1133 1978 1210 2042 obli-

100 2099 289 2180 gationibus
319 2120 401 2181 quae
425 2121 465 2164 ex
488 2101 641 2166 malefioio
670 2101 824 2182 oriuntur,
853 2103 1026 2184 loquamur.
1076 2102 1211 2166 diximus
1248 2169 1250 2174 ,

100 2223 189 2303 enim,
227 2243 297 2287 eum
327 2223 366 2288 de
396 2224 644 2306 obligationibus
675 2231 813 2290 tractare
845 2226 1049 2306 instituimus,
1083 2227 1211 2291 easdem

98 2348 206 2412 uelox
232 2349 444 2413 contractibus
468 2349 520 2413 uel
543 2369 583 2413 ex
606 2349 728 2414 deliotis
757 2349 839 2414 oriri.
886 2357 934 2414 set
961 2371 1042 2431 1666
1071 2371 1111 2415 ex
1139 2371 1211 2416 oon·
1248 2352 1265 2403 5

98 2477 194 2536 traotu
218 2480 391 2536 naseuntur
415 2473 624 2556 obligationes
648 2475 680 2537 in
704 2480 850 2555 quattuor
874 2494 991 2556 genera
1019 2475 1209 2557 diuiduntur,

97 2595 122 2658 h.
135 2616 159 2660 e.
175 2617 209 2661 re
235 2597 342 2662 uerbis
365 2597 478 2662 litteris
498 2586 666 2680 eonsensu;
690 2599 750 2662 hae
774 2619 849 2662 uero
874 2599 964 2662 unius
981 2599 1106 2681 generis
1131 2608 1210 2664 sunt.

83 2719 171 2784 'siout
194 2721 278 2786 enim
302 2723 336 2784 in
358 2721 421 2786 illis
446 2723 1110 2807 666116616611666611611661166616611
1133 2724 1210 2788 obli-

96 2847 248 2928 gationes,
273 2847 318 2910 ita
341 2847 374 2910 in
396 2847 445 2911 his
462 2847 609 2912 delictum
624 2849 787 2932 praeeedit
803 2855 834 2912 et
850 2849 1002 2932 obligatio
1020 2869 1060 2914 ex
1079 2868 1113 2913 re
1137 2848 1210 2913 inde

95 2972 240 3035 nascitur.
275 2977 422 3053 quattuor
445 2979 551 3044 autem
574 2972 647 3038 1616
670 2973 826 3038 molefioia
847 2974 1049 3053 1666661661,
1073 2975 1210 3038 furtum
1230 2977 1266 3031 10

95 3095 230 3178 rapina
254 3097 423 3160 damnum
447 3097 595 3162 iniuria.
631 3103 658 3164 1.
681 3099 833 3162 Furtum
857 3105 906 3162 661
928 3099 1052 3163 alienae
1075 3099 1122 3162 rei
1139 3118 1210 3163 666-

97 3222 242 3286 treetatio
272 3223 425 3304 pessima,
459 3242 540 3302 quae
571 3242 642 3287 eum
675 3223 729 3304 qui
755 3224 870 3287 furtum
898 3224 1015 3307 patitur
1041 3224 1093 3287 uel
1126 3223 1211 3288 oiroa

95 3343 197 3427 ipsam
231 3366 299 3410 rem
330 3347 429 3412 laedit
461 3349 513 3412 uel
545 3348 630 3412 eirea
662 3369 752 3412 usum
785 3349 851 3412 eius
884 3349 936 3412 uel
967 3348 1207 3432 possessionem.

94 3468 176 3534 oiroa
201 3472 306 3554 ipsam
329 3491 404 3553 rem,
427 3472 526 3536 ueluti
549 3492 619 3536 oum
643 3472 798 3537 hominem
814 3479 900 3536 tuum
920 3472 1101 3556 subripiam,
1126 3473 1210 3537 eirea

93 3613 199 3676 usum,
235 3596 334 3660 ueluti
369 3616 440 3660 oum
474 3596 507 3660 id
538 3597 622 3676 1661
650 3597 728 3660 mibi
757 3597 790 3660 in
820 3617 915 3660 unum
949 3597 1031 3661 diem
1061 3596 1210 3661 utendum
1230 3601 1263 3652 15

92 3717 197 3783 datum
215 3725 264 3784 est
286 3720 401 3784 diutius
424 3721 591 3802 retineam3
616 3721 701 3785 eirea
723 3723 957 3804 possessionem
981 3721 1114 3802 demum,
1140 3741 1209 3786 eum

93 3843 123 3907 id
147 3845 235 3926 1661
258 3851 408 3926 tanquam
432 3845 546 3929 pignus
561 3845 757 3911 retinendum
778 3847 884 3910 datum
905 3851 962 3926 est,
987 3846 1040 3910 uel
1059 3852 1209 3926 tanquam

92 3967 282 4053 depositum,
319 3971 410 4050 quasi
448 3970 590 4035 dominus
622 3971 811 4054 possideam.
860 3971 934 4034 furti
973 3977 1077 4034 autem
1111 3972 1207 4034 male-
