3298 5322
593 356 834 419 -378-

154 527 317 592 uenienter
347 527 546 612 acceptilatio
575 529 750 596 adhibetur.
798 529 829 593 iu
857 529 912 593 illo
941 530 1066 610 quidem
1096 530 1274 595 differentia

155 652 319 717 solutionis
352 660 383 717 et
412 653 663 736 acceptilationis
694 659 755 735 est,
785 653 868 734 quod
896 655 1010 722 solutio
1042 673 1165 718 omnem
1192 655 1273 720 tollit
1368 713 1370 716 .

156 777 395 860 obligationem;
409 777 610 862 acceptilatio
621 780 788 843 uerborum
804 778 1034 860 tantummod03
1048 779 1080 842 in
1097 779 1150 843 illo
1168 786 1273 844 autem

155 900 311 983 adfinitas,
333 902 417 983 quod
432 903 525 966 sicuti
541 924 615 985 pars
632 903 731 968 debiti
747 903 851 966 soluta
866 923 922 988 pro
939 909 1030 987 parte
1048 904 1273 986 obligationem

112 1039 142 1090 2.
155 1025 260 1105 soluit,
283 1025 329 1089 ita
352 1027 432 1090 etin
447 1033 568 1110 partem
585 1027 785 1110 acceptilatio
801 1027 870 1091 fieri
885 1032 998 1111 potest.
1034 1030 1063 1094 2.
1075 1027 1152 1091 Cum
1169 1033 1274 1092 autem
1310 1043 1325 1094 5

156 1149 326 1215 dixerimus
342 1171 412 1215 eum
429 1151 482 1232 qui
497 1152 563 1216 alia
578 1172 619 1216 ex
634 1172 732 1216 causa
748 1152 851 1234 debet,
869 1152 897 1216 si
912 1151 1091 1235 promiserit
1105 1153 1273 1234 uerbisque
1324 1213 1326 1227 ,

155 1295 190 1340 se
206 1275 404 1358 obligauerit,
428 1283 501 1341 tunc
517 1297 612 1361 porse
628 1297 685 1360 per
700 1277 974 1360 acceptilationem
992 1277 1131 1358 liberari,
1150 1283 1274 1360 oportet
1314 1244 1317 1249 ἶ

124 1421 126 1426 ’
155 1399 194 1463 de
219 1401 380 1481 aquiliana
403 1402 490 1482 loqui
513 1402 723 1485 stipulatione.
764 1421 845 1482 quae
862 1402 1023 1485 stipulatio
1049 1421 1172 1466 omnem
1196 1400 1273 1466 obli-

156 1524 315 1606 gationem
330 1525 362 1588 in
379 1545 413 1589 se
429 1527 601 1590 transferre
617 1533 722 1610 potest
738 1531 770 1590 et
785 1546 843 1609 per
858 1526 1132 1610 acceptilationem
1152 1525 1272 1590 tollere.
1313 1610 1317 1619 Ι

154 1649 317 1729 aquiliana
340 1649 422 1713 enirn
445 1650 605 1733 stipulatio
630 1670 738 1715 ornnes
761 1656 859 1715 nouat
874 1649 1085 1733 obligationes
1107 1656 1138 1713 et
1154 1635 1174 1713 a
1191 1649 1271 1714 Gaio
1294 1663 1327 1714 10

153 1774 281 1855 Aquilio
304 1775 371 1839 iure
395 1775 536 1840 consulto
559 1776 605 1839 ita
621 1775 797 1859 composita
812 1781 873 1840 est:
900 1775 1102 1856 »quidquid
1124 1781 1160 1838 te
1183 1774 1272 1838 mihi

154 1917 220 1964 »ex
244 1919 474 1980 quacumque
507 1919 622 1964 eausa
654 1900 743 1964 dare
767 1900 827 1964 uel
850 1899 981 1964 facere
1017 1904 1179 1982 oportet,
1212 1899 1272 1963 uel

153 2029 380 2106 ›oporteret,
423 2024 504 2090 siue
547 2045 639 2107 pure
684 2025 766 2089 siue
808 2024 846 2088 in
885 2023 997 2105 diem,
1042 2042 1272 2105 quarumque

153 2167 294 2211 »rerum
309 2148 437 2230 gratia
452 2149 542 2212 mihi
556 2155 679 2213 tecum
702 2149 740 2212 in
761 2169 839 2214 rem
854 2149 915 2212 uel
930 2148 1151 2232 personalis
1173 2147 1272 2212 actio

153 2279 233 2337 »est
249 2273 383 2355 eritne,
409 2273 580 2355 quodque
596 2281 634 2338 tu
649 2293 766 2338 meum
781 2274 901 2338 habes
914 2273 1067 2338 detines
1079 2273 1272 2357 possides«
1293 2291 1326 2342 15

154 2398 347 2480 (differentia
363 2405 467 2462 autem
482 2398 565 2462 inter
579 2403 711 2462 tenere
735 2403 767 2462 et
789 2397 990 2480 possidere
1007 2398 1087 2460 haec
1107 2402 1163 2478 est,
1189 2396 1274 2479 quod

152 2531 285 2588 tenere
305 2528 353 2587 est
367 2522 553 2586 naturaliter
567 2543 634 2587 rem
651 2523 801 2602 detinere,
825 2521 1022 2606 possidere
1046 2527 1151 2586 autem
1168 2521 1272 2585 animo

153 2647 344 2712 dominantis
368 2647 521 2731 detinere)
546 2646 835 2730 »possideresue
863 2646 1000 2710 dolone
1028 2645 1172 2727 fecisti,
1202 2664 1273 2727 quo

153 2771 276 2836 minus
298 2773 518 2856 possideas«
543 2772 636 2855 (forte
660 2772 743 2836 enim
759 2771 964 2836 hereditatem
987 2771 1063 2834 mihi
1079 2771 1218 2835 delatam
1240 2770 1273 2834 in

152 2904 242 2961 tuam
258 2897 490 2980 possessionem
506 2895 666 2979 redegisti,
692 2896 805 2960 deinde
822 2896 945 2976 aliquas
961 2901 1081 2959 tantum
1096 2915 1148 2960 res
1164 2914 1273 2979 posse·
1292 2911 1328 2963 20

153 3021 245 3085 disti:
265 3021 423 3086 teneberis
441 3021 523 3086 enim
540 3027 571 3085 et
586 3026 715 3104 propter
738 3041 793 3085 eas
811 3041 890 3102 quas
909 3020 982 3084 dolo
999 3041 1063 3084 non
1078 3019 1272 3103 possederis)

153 3145 628 3228 ›quantiquaequeearum
653 3167 780 3210 rerum
800 3146 885 3228 erit,
908 3151 1053 3210 tantam
1075 3145 1273 3229 pecuniam

149 3271 242 3335 dari
276 3271 485 3354 stipulatus
519 3277 577 3335 est
603 3271 720 3336 Aulus
748 3271 927 3354 Agerius,
963 3269 1169 3354 spopondit
1199 3269 1273 3332 Nu·
