3370 5350
622 389 854 456 -257-

173 574 279 639 dotem
302 575 389 642 nasci
411 575 592 658 contigerit,
622 578 673 654 uel
699 586 821 644 uatum
837 581 941 650 mori:
973 580 1079 662 Nepos
1100 588 1211 650 autem
1238 589 1290 652 n'e·

143 721 145 728 ’
172 693 332 774 ptisueet
358 714 513 779 pronepos
534 699 735 778 proneptisua
763 701 808 766 ita
836 700 959 766 demum
987 719 1114 768 suorum
1140 693 1289 770 heredum

171 833 302 880 numero
331 823 419 892 sunt,
435 818 473 881 'si
494 817 682 896 praecedens
704 801 837 898 persona
863 821 894 883 in
916 820 964 884 aui
983 823 1121 902 parentis
1135 829 1291 908 potestate

174 952 246 999 esse
267 934 406 1013 desierit,
428 943 528 1000 morte
550 935 682 1001 fortasse
704 938 755 1002 uel
777 938 838 1002 alia
863 939 1000 1014 rationo,
1031 941 1129 1005 ueluti
1158 943 1290 1009 emanci-

172 1053 310 1134 patione.
355 1074 425 1119 nam
449 1057 476 1119 si
498 1075 554 1136 per
582 1055 615 1119 id
642 1063 765 1138 tempus
797 1074 859 1138 quo
889 1059 958 1143 quis
990 1031 1165 1138 moreretur
1193 1059 1290 1140 lilium
1323 1071 1342 1124 o

169 1171 204 1236 in
226 1179 384 1253 potestate
406 1173 561 1251 habuerit,
584 1193 680 1254 nepos
703 1194 740 1240 es
762 1194 799 1241 eo
814 1193 890 1242 suus
905 1175 995 1242 heres
1010 1196 1078 1244 esse
1100 1198 1162 1244 uon
1184 1168 1292 1248 conoe

174 1292 269 1356 ditur.
314 1294 409 1375 idque
432 1300 463 1358 et
487 1296 660 1360 denoteris
686 1294 793 1360 liberis
818 1294 1026 1378 intellegitur:
1053 1316 1123 1364 oum
1153 1302 1234 1366 enim
1255 1300 1291 1366 li·
1333 1275 1337 1286 ²

170 1411 249 1476 lium
272 1431 374 1478 meum
397 1414 427 1478 iu
450 1420 606 1494 potestate
628 1414 768 1491 habeam,
791 1415 852 1492 uel,
875 1434 912 1480 eo
934 1422 1067 1497 mortuo,
1086 1425 1230 1502 nepotem
1252 1437 1290 1485 ex

170 1551 226 1610 eo,
255 1549 409 1614 pronepos
436 1551 513 1598 suus
543 1534 633 1598 heres
660 1550 729 1598 esse
757 1535 874 1616 nequit.
923 1537 1059 1616 postumi
1082 1554 1212 1624 ¹quoque
1239 1539 1290 1603 sui
1329 1523 1334 1534 ’

173 1653 305 1718 heredes
329 1670 399 1718 esse
421 1661 565 1735 possunt;
592 1651 636 1717 llll
658 1655 803 1718 nimirum
831 1653 938 1734 quisi
967 1655 1040 1719 uiuo
1067 1662 1196 1735 parente
1223 1657 1290 1722 nati
1309 1665 1343 1718 ιο

127 1793 156 1844 3.
176 1780 282 1838 essent
303 1773 336 1838 iu
360 1775 426 1839 eius
449 1780 604 1856 potestate
625 1773 722 1839 lutari
745 1774 855 1840 forent.
890 1774 919 1838 3.
954 1771 1009 1839 Sui
1031 1771 1162 1840 heredes
1185 1784 1289 1841 autem

173 1892 267 1958 etiam
290 1894 471 1974 ignorantes
493 1893 573 1960 fiunt
594 1894 725 1960 heredes
747 1893 780 1958 id
802 1901 850 1962 est
872 1894 1022 1974 existunt,
1050 1901 1098 1960 set
1127 1901 1159 1962 et
1180 1895 1289 1962 furiosi

172 2012 373 2078 nihilominus
406 2014 536 2080 heredes
568 2013 656 2080 liunt.
711 2013 887 2096 generalem
925 2014 1007 2079 enlm
1039 2013 1117 2080 iuris
1149 2015 1289 2098 regulam

171 2151 334 2213 cognosce,
361 2131 528 2212 »quibus
551 2134 752 2200 encausta
778 2134 1062 2213 ignorantibus
1084 2134 1195 2199 nobis
1217 2133 1289 2199 ali·

170 2253 509 2334 quidadquiritur
525 2271 568 2316 ex
584 2251 1284 2334 bisoausisetluriososadquirore,‹
1308 2264 1340 2316 ru

171 2372 390 2454 ignorantibus
406 2375 488 2437 enim
505 2372 621 2437 similes
636 2381 717 2438 sunt.
742 2379 774 2438 et
794 2372 901 2437 statim
916 2380 1015 2439 morte
1037 2371 1176 2455 parentis
1197 2371 1288 2452 quasi

169 2494 371 2556 continuatur
394 2491 573 2570 dominium,
595 2489 628 2556 id
650 2499 698 2557 est
720 2511 780 2558 non
797 2493 927 2557 dicimus
942 2499 1063 2558 mortuo
1078 2500 1168 2572 patre
1183 2509 1233 2556 res
1254 2490 1288 2556 in
1328 2553 1336 2576 ,‚

169 2609 308 2676 defuncti
329 2617 484 2692 potestate
514 2629 582 2676 esse
604 2611 745 2676 desinere
774 2629 811 2676 ac
839 2617 910 2692 post
936 2611 1052 2693 aliquid
1080 2611 1228 2692 temporis
1254 2611 1287 2676 in
1331 2593 1335 2600 ’

170 2728 227 2794 filii
252 2736 441 2812 potestatem
472 2731 620 2808 transire,
650 2737 699 2795 set
727 2733 833 2795 statim
855 2729 1002 2811 nullaque
1028 2747 1063 2794 re
1085 2730 1186 2796 madio
1199 2738 1288 2796 ,tem-

175 2867 251 2930 pore
272 2856 381 2916 secuto
403 2849 572 2914 dominium
601 2849 747 2914 continuo
774 2849 859 2914 nullo
887 2847 1066 2914 intermisso
1094 2856 1233 2932 tempore
1254 2851 1287 2915 iu
1303 2873 1339 2927 ω

173 2969 230 3034 filii
252 2975 408 3051 potestate
430 2967 574 3034 inueniri.
612 2950 715 3046 Quare
737 2967 765 3034 si
786 2976 909 3034 mortuo
931 2976 1021 3050 patre
1042 2966 1125 3034 filius
1145 2969 1286 3067 impubes

169 3091 220 3168 sit,
242 3089 356 3154 tutoris
379 3089 565 3154 auctoritate
587 3089 627 3154 ad
650 3096 809 3170 paternam
837 3089 1041 3154 hereditatem
1063 3087 1286 3171 adquirendam
1301 3062 1335 3114 ’Ἰ

170 3227 232 3300 non
255 3209 385 3292 indiget,
408 3227 478 3274 cum
501 3216 533 3274 et
555 3209 769 3290 ignorantibus
790 3207 876 3291 ipsis,
899 3215 1008 3292 utpote
1030 3209 1096 3274 suis
1110 3184 1285 3284 heredibus,

169 3330 519 3396 deleratur-hereditas.
561 3327 615 3396 Set
636 3348 692 3396 nec
715 3333 741 3394 ai
763 3329 860 3410 pubes
882 3328 964 3394 filius
987 3329 1038 3410 sit,
1060 3311 1285 3424 minorantem

172 3448 223 3515 nel
244 3449 391 3528 furiosus,
413 3448 533 3531 indiget
555 3450 595 3514 ad
617 3450 675 3515 hoe
697 3448 850 3515 curatoris
876 3466 1045 3528 consensu,
1071 3449 1213 3532 quamuis
1235 3467 1283 3514 ex-
1301 3461 1337 3515 eo
