3164 5338
561 399 791 462 -348-

131 586 279 652 fideiussor
305 589 389 652 recte
415 585 475 651 sub
498 585 691 663 condicione,
720 603 782 650 non
810 588 894 650 recte
923 587 1028 650 tamen
1054 604 1133 667 pure
1160 604 1231 666 pro-

130 705 225 771 mittit:
249 724 350 787 neque
372 705 453 771 enim
473 705 574 770 solum
596 705 627 768 in
650 704 828 786 quantitate
850 708 899 769 set
920 704 1015 769 etiam
1037 704 1069 769 in
1091 709 1231 786 tempore

129 826 187 908 plus
208 829 240 890 et
261 825 363 890 minus
389 825 527 906 intellegi
555 828 688 907 oportet.
732 823 804 906 plus
826 823 961 888 etenim
984 823 1091 890 statim
1114 823 1232 906 aliquid

96 950 114 1000 6.
129 945 207 1008 dare:
229 945 331 1010 minus
353 948 427 1026 post
445 947 569 1024 tempus
592 943 676 1008 dare.
712 945 739 1006 6.
763 942 946 1008 Fideiussor
967 944 994 1008 si
1014 962 1072 1026 pro
1095 961 1149 1009 reo
1171 941 1232 1009 sol-

129 1069 176 1129 uat
195 1064 270 1142 cius,
294 1063 379 1144 quod
401 1062 540 1141 soluerit,
564 1063 759 1144 reciperandi
774 1081 870 1128 causa
883 1063 980 1128 habet
1001 1081 1071 1129 cum
1087 1082 1123 1129 eo
1146 1067 1264 1129 man-⁶

94 1189 111 1238 l·
127 1185 182 1250 dati
202 1185 364 1250 actionem.
411 1187 439 1246 7.
463 1182 582 1249 Graece
610 1181 774 1248 fideiussor
801 1183 986 1264 plerumque
1012 1183 1058 1248 ita
1083 1159 1229 1265 spondet:

128 1306 176 1390 »τῇ
195 1304 254 1390 ἐμῇ
277 1303 374 1366 πίστει
392 1302 527 1366 κελεύω
556 1301 676 1366 »tela«
706 1301 835 1384 ule'ymu.
870 1306 919 1368 Set
940 1301 968 1368 si
986 1303 1099 1388 »φημὶα
1118 1302 1232 1369 dixerit

42 1477 43 1480 ,
92 1434 111 1485 s.
125 1425 242 1506 perinde
265 1423 327 1490 erit
355 1442 391 1488 ac
421 1423 448 1488 si
470 1423 584 1489 dixerit
613 1423 703 1506 λέγω.
750 1423 777 1487 8.
808 1423 845 1487 In
874 1422 1128 1506 stipulationibus
1157 1420 1231 1488 fide

124 1545 272 1610 iussorum
294 1542 454 1610 sciendum
469 1548 518 1610 est
533 1542 752 1625 quodcumque
772 1543 862 1624 quasi
878 1548 984 1608 actum
1006 1543 1158 1626 scriptum
1179 1542 1229 1621 sit

122 1665 367 1746 praesumptione
389 1663 467 1728 iuris
483 1667 588 1728 actum
611 1661 720 1727 uideri.
755 1661 887 1744 ideoque
907 1666 1034 1728 constat
1055 1662 1173 1744 siquis
1196 1681 1230 1728 se
1251 1675 1281 1724 10

122 1785 274 1867 scripserit
296 1782 495 1861 fideiussisse,
518 1782 623 1847 omnia
645 1781 807 1847 sollemnia
833 1787 962 1864 peracta
988 1781 1104 1862 uideri;
1130 1782 1230 1848 ueluti

120 1905 341 1987 interrogatum
363 1923 434 1969 eum
461 1922 529 1970 esse
551 1908 703 1984 tanquam
724 1901 953 1982 fideiussorem,
982 1907 1014 1969 et
1034 1901 1138 1985 ipsum
1161 1922 1231 1970 con·

120 2031 261 2108 gruenter
282 2027 472 2110 promisisse.

317 2611 364 2674 De
386 2609 564 2674 litterarum
582 2609 785 2690 obligatione.
831 2609 954 2673 Titulus
977 2612 1026 2671 21.

195 2764 275 2828 Post
303 2764 473 2828 uerborum
502 2762 723 2844 obligationem
750 2761 789 2827 de
817 2763 996 2826 litterarum
1019 2761 1227 2844 dispiciamus.

114 2882 290 2947 litterarum
320 2882 469 2964 obligatio
496 2882 570 2946 olim
595 2881 675 2946 hana
703 2880 1117 2970 definitionemlrecipiebat:
1146 2881 1280 2946 litte-15

113 3022 217 3068 rarum
241 3004 390 3085 obligatio
418 3009 467 3069 est
489 3009 581 3068 uetus
605 3002 746 3068 debitum
767 3004 799 3068 iu
828 3022 945 3069 nouum
975 3007 1120 3066 mutuum
1148 3002 1229 3067 adsi-

113 3123 256 3187 milatum
278 3123 384 3188 uerbis
406 3128 439 3188 et
460 3124 617 3205 scriptura
638 3121 825 3188 formulatis.
871 3123 898 3187 si
920 3123 1002 3188 euim
1024 3122 1094 3204 quis
1117 3140 1229 3187 aureos

112 3242 217 3308 decem
240 3242 317 3307 mihi
339 3235 468 3308 deberet
489 3261 526 3308 ex
548 3243 705 3324 emptione
731 3243 783 3308 uel
805 3261 842 3308 ex
863 3242 1018 3308 locatione
1046 3241 1098 3306 uel
1119 3245 1229 3306 mutuo

112 3363 159 3427 uel
182 3363 389 3444 stipulatione
412 3363 531 3447 (plures
554 3362 636 3428 enim
651 3367 726 3428 sunt
740 3361 872 3428 debendi
895 3361 1032 3444 causae),
1055 3362 1230 3443 uellemque

110 3501 179 3546 eum
189 3483 373 3550 litterarum
385 3482 574 3564 obligatione
586 3482 695 3560 teneri,
712 3501 839 3549 necesse
855 3486 925 3548 erat
938 3482 997 3548 hoc
1014 3481 1112 3548 uerba
1126 3481 1229 3547 dicere
1246 3497 1280 3548 ao
