3154 5338
802 426 843 438 -
886 391 948 454 317
997 427 1032 436 -·

363 578 531 667 διακατογὴ
553 579 572 662 ἡ
595 577 645 640 διὰ
668 581 721 663 τῆς
744 575 969 658 adrogationos
993 579 1041 640 καί
1062 579 1082 664 η
1106 581 1169 640 τῶν
1191 580 1380 661 πραγμάτων
1403 601 1468 660 προ-

367 683 520 766 σιώρωσις
542 679 813 745 ιλίλιατλαίὶαω
829 679 1195 745 conservandarum
1211 699 1366 744 causan·
1388 677 1469 742 αὗται

363 785 420 869 μὲν
444 785 476 846 ἐν
500 783 649 871 πολιτείᾳ·
673 784 862 871 ἀνῃρημέναι
886 784 921 848 δὲ
937 783 1003 862 δύο,
1026 785 1045 869 λγ
1068 783 1221 847 bonorum
1237 781 1407 847 uenditiwn
1429 783 1470 843 καί

365 891 383 976 ίγ
407 887 467 950 ἀπὸ
491 892 543 951 τοῦ
567 887 746 952 claudianiu
773 888 928 970 δόγματος
949 885 1189 962 καταδούλωσις.

623 1503 669 1571 De
692 1502 947 1586 obligationibus.
955 1503 980 1587 ¹)
1024 1501 1147 1568 Titulus
1171 1504 1220 1567 13.

330 1670 346 1722 ὃ
450 1658 595 1734 Ελπόντες
618 1658 688 1743 περί
709 1655 802 1740 τῶνδ)
833 1658 1024 1741 πραγμάτων
1052 1654 1102 1720 νῦν
1128 1654 1331 1740 μετέλθωρεν
1354 1656 1402 1720 ἐπὶ
1425 1656 1476 1732 τὰς

364 1759 484 1848 ἐνογάς.
528 1759 604 1823 Ἀλλ’
628 1758 721 1847 ἔγαιί)
750 1783 796 1837 τις
821 1759 1023 1842 ἐπιλαβέσθαι
1045 1764 1101 1846 τῆς
1122 1759 1265 1848 τοιαύτης
1286 1759 1411 1836 τάξεως
1432 1761 1478 1824 καί

366 1864 469 1941 εἰπεῖν,
492 1864 537 1926 ότι
560 1863 644 1948 παρὰ
669 1863 704 1926 τά
727 1861 938 1948 ἐπηγγελμένα
961 1863 1029 1947 περὶ
1044 1867 1106 1926 τῶν
1122 1861 1238 1952 ἐναγῶν
1253 1861 1476 1946 διαλεγόμεθα·

365 1964 484 2050 εἴρηται
506 1964 566 2048 γάρ
589 1965 623 2028 ἐν
647 1968 683 2052 τῇ
704 1967 813 2052 πρώτη
838 1965 1047 2040 Institutioni,
1078 1964 1157 2030 ἔνθα
1183 1965 1388 2050 διελεγόμεθα
1411 1964 1478 2049 περὶ

367 2068 448 2131 πόσα
470 2069 489 2154 η
509 2069 651 2154 ῥωμαϊκη
673 2068 865 2151 καταγίνεται
889 2067 1068 2151 νομοθεσία,
1092 2070 1135 2131 δτι
1158 2069 1191 2132 ἐν
1211 2069 1359 2150 τούτοις4)
1383 2067 1478 2130 ἐστὶν·

319 2180 350 2231 10
367 2170 401 2233 ἐν
423 2172 601 2255 προσώποις
622 2170 655 2234 ἐν
679 2173 853 2256 πράγμασιν
873 2170 906 2234 ἐν
922 2171 1068 2255 ἀγωγαῖς.
1106 2170 1325 2261 Διαλεχθέντες
1340 2169 1395 2234 οὖν
1412 2170 1480 2254 περί

367 2277 429 2336 τῶν
451 2275 642 2359 προσώπων,
672 2274 916 2357 διεξελθόντεςῧ)
943 2274 1010 2357 δέί)
1039 2276 1180 2360 καὶπερὶ
1208 2280 1268 2338 τῶν
1291 2275 1481 2359 πραγμάτων

368 2376 548 2451 ἀκολούθως
570 2377 765 2461 ἀφείλομενῗ)
790 2379 882 2440 είπεῖν
904 2379 953 2441 καί
976 2381 1046 2462 περὶ
1067 2379 1209 2459 ἀγωγῶν.
1254 2376 1327 2452 Πῶς
1349 2375 1406 2441 οὖν
1430 2375 1481 2448 τὰς

367 2480 492 2563 ἀγωγὰς
514 2479 755 2564 καταλείώαντες
776 2480 854 2562 ἐπίῧ)
877 2479 987 2568 ἐνοχὰς
1002 2479 1225 2568 ἐτράπημεν;9)
1248 2478 1318 2543 ἀλλ’
1341 2479 1397 2542 αάιι
1421 2476 1482 2551 ἔξω

367 2581 532 2665 ἀπολογίας
558 2585 577 2669 ἡ
612 2585 697 2660 τάξις
731 2583 871 2670 αθτη]0)·
905 2586 922 2648 ό
955 2585 1015 2670 γάρ
1050 2585 1119 2670 περὶ
1155 2583 1272 2671 ἐναγῶν
1304 2581 1482 2665 διαλεγόμε-

319 2692 349 2743 15
368 2707 420 2759 νος
441 2685 545 2773 ἡρέμα
567 2687 616 2750 καί
638 2687 873 2776 ἀνεπαισθήτως
896 2691 965 2773 περί
987 2688 1119 2770 ἀγωγῶν
1142 2687 1323 2768 διαλέγεται,
1344 2685 1483 2772 μητέρες

367 2788 426 2872 γὰρ
448 2793 509 2852 τῶν
533 2790 664 2871 ἀγωγῶν
687 2791 718 2853 αί
740 2790 852 2879 ἐνογαί.
896 2789 1169 2877 Ἀπολογησάμενοι
1192 2792 1339 2876 περὶτῆς
1361 2789 1484 2863 τάξεως
1575 2857 1576 2880 γ

367 2892 500 2976 εἴπωμεν
521 2891 551 2955 τί
572 2892 652 2956 ἐστιν
674 2893 782 2983 ἐναγῆ·
814 2895 906 2981 ἐναγῆ
929 2893 992 2957 ἐστι
1014 2893 1130 2979 δέσμας
1153 2892 1282 2970 δικαίου,
1311 2890 1353 2956 δι’
1380 2890 1418 2954 αὖ
1444 2913 1486 2966 τις
1575 2889 1576 2905 ’

367 2997 569 3078 ἀναγκάζεται
591 2997 777 3078 καταβαλεῖν
799 2999 834 3060 τὸ
857 2996 1099 3083 ἐποφειλόμενον
1120 2997 1197 3060 κατὰ
1220 2996 1290 3069 ταδς
1306 2999 1362 3082 τῆς
1375 2995 1483 3082 ἢμετέ-

365 3121 426 3184 ρας
448 3099 600 3173 πολιτείας
624 3101 752 3183 νόμους·
776 3099 864 3174 αίδας
886 3100 946 3184 γὰρ
969 3101 1014 3162 ότι
1035 3099 1071 3162 οά
1088 3104 1173 3163 πᾶσα
1190 3097 1347 3184 καταβολὴ
1367 3097 1486 3184 χρέους

316 3210 350 3263 20
369 3199 431 3289 ἔχει
445 3201 480 3263 τδ
493 3201 626 3283 βέβαιον
642 3199 674 3290 ἐν
690 3201 794 3288 ἑαυτῇ,
818 3202 900 3287 εἰμὴ
916 3201 1078 3283 γένοιτοΠ)
1101 3201 1177 3266 κατὰ
1196 3202 1316 3284 νόμους.
1341 3200 1485 3282 ταῦταῆ

368 3302 447 3385 δέῙί)
470 3301 554 3366 είπον
577 3303 783 3387 αἰνιττόμενος
806 3305 860 3390 τὴν
883 3305 927 3380 είς
949 3306 1003 3368 τὸν
1025 3304 1168 3388 ράρίλλοι]
1192 3303 1410 3392 καταβολὴνλ)
1434 3305 1487 3390 τὴν

368 3406 428 3468 ἀπὸ
450 3404 590 3489 ραρίλλιτ,
621 3407 667 3470 ότι
696 3405 748 3470 δεῖ
767 3409 817 3470 τὸν
839 3406 1005 3493 ἐπίτροπον
1028 3411 1197 3471 ααναινεῖν·
1228 3405 1343 3470 ἐσθότε
1372 3407 1410 3471 δέ
1438 3407 1487 3470 καί

367 3509 495 3594 τήρησιν
517 3508 627 3592 ἑτέρον
654 3509 798 3592 γίνεσθαί
824 3533 912 3588 τινος.
968 3516 995 3575 1.
1023 3511 1137 3576 Πααῶν
1165 3510 1200 3574 δέ
1230 3515 1293 3574 τῶν
1323 3509 1444 3600 ἐναγῶν
1466 3513 1486 3597 ἡ
1506 3523 1527 3573 1.

367 3613 447 3696 ἄκρα
470 3613 617 3700 διαίρεσις
639 3613 672 3677 ἐν
696 3614 813 3690 τούτοις
835 3615 916 3680 ἐστι·
938 3616 1061 3698 καὶγὰρ
1079 3615 1098 3702 ἢ
1115 3615 1262 3679 πολιτικαί
1276 3614 1395 3696 simu)
1422 3616 1490 3679 ἐνα-
1572 3659 1573 3663 ,

435 3855 458 3914 1]
477 3850 548 3921 Περὶ
566 3853 668 3924 ἐναγῶν
688 3853 731 3908 ad.
749 3852 816 3907 libri.
836 3851 877 3906 ed.
988 3851 1054 3922 ²)d.
1074 3851 1105 3906 V.
1214 3854 1237 3921 δ)
1256 3869 1290 3908 ex
1307 3853 1342 3923 ej.
1360 3851 1407 3907 R.:
1429 3851 1491 3924 ἔχει
1571 3889 1572 3898 ι

367 3938 436 3993 libri.
454 3939 495 3992 ed.
598 3940 622 4005 ⁴)
643 3957 695 4008 -,—‹p
714 3937 744 3991 V.
848 3940 871 4005 ⁶)
889 3937 973 3991 διελθ.
990 3938 1027 3991 Μ.
1131 3937 1259 4004 Β)(1.Ιι6.
1349 3938 1373 4006 ²)
1391 3938 1489 4006 ιἰφείλ.

368 4025 402 4093 ej.
421 4022 465 4079 B.:
484 4029 526 4078 set
542 4039 595 4078 non
614 4029 655 4077 est
672 4038 789 4079 necesse.
893 4025 917 4090 ⁸)
935 4023 983 4084 τὰς
1000 4023 1048 4077 ins.
1067 4023 1110 4079 11⁶,
1124 4025 1166 4079 Vi.
1184 4024 1216 4080 R.
1319 4023 1416 4092 9)1λλ.;
1436 4031 1490 4081 cet.

367 4108 428 4177 ἐτρ.
447 4107 490 4161 ἐπί
507 4107 545 4162 ἐν.
649 4109 684 4176 1⁰)
702 4108 727 4165 d.
745 4109 778 4164 V.
882 4111 917 4178 11)
934 4126 1031 4182 -ηται
1047 4109 1091 4166 vi.
1108 4109 1140 4166 R.
1244 4109 1280 4180 1δ)
1298 4113 1381 4164 τοῦτο
1396 4108 1440 4165 vi.
1455 4110 1490 4167 R.
1570 4123 1571 4162 λ

368 4193 403 4262 ιε)
421 4192 446 4248 (1,
465 4193 503 4248 Μ,
607 4194 642 4264 1⁴)
663 4194 691 4246 αἱ
708 4194 740 4250 V.
758 4194 802 4248 Ιώ.
820 4194 863 4250 Vi.
881 4193 913 4250 R.
