3384 5314
823 396 1062 460 -485—

380 571 531 652 παρέθου
558 591 614 651 μοι
645 567 785 655 οἰκέτην·
809 568 957 656 ἐνόσησεν
985 567 1095 645 οὗτος·
1124 568 1312 655 ἐδαπάνησα
1339 570 1413 654 περὶ
1439 568 1501 655 τήν

379 673 482 740 αὐτοῦ
509 673 655 760 νόσον)
684 673 814 740 α’παιτῶ
845 679 948 742 ταῦτα
976 675 1047 742 διαί·
1060 675 1118 762 τῆς
1148 684 1323 742 contrarias
1351 677 1500 762 depositi.

379 781 446 846 ἐστὶ
478 783 533 846 καὶ
560 779 579 869 ἦ
610 803 667 867 pro
696 784 783 848 socio
811 781 1022 866 α’τιμοιιοιός·
1051 783 1122 848 ἄλλ’
1151 783 1296 849 ἐνταῦθα
1326 781 1385 850 οὐκ
1412 781 1501 848 ἔστιν

378 891 482 954 εἰπεῖν
489 889 513 973 2)
531 890 801 975 οοιιιιειιιιοί)
818 891 939 956 directa
955 889 1018 976 γάρ
1034 889 1122 955 ἐστιν
1137 891 1172 967 ἐξ
1186 888 1336 977 ἑκατέρου
1355 887 1500 974 πλευροῦ

345 997 434 1060 ῦκαὶ
455 994 666 1082 δστιςδὴποτε
688 995 722 1061 ἐκ
748 1004 814 1061 τῶν
839 995 1004 1062 κοινωνῶν
1030 997 1285 1083 καταδικασθῇί)
1314 995 1499 1080 α’τιμοῖιταιι

379 1101 524 1189 διαφορὰ
550 1103 587 1166 δὲ
614 1105 680 1168 τῶν
707 1101 808 1189 α’ττδῦ)
836 1102 1078 1190 άμαρτημάτων
1105 1105 1189 1190 καὶὸ)
1219 1101 1500 1187 συναλλαγμάτων

377 1207 468 1295 αὕτη,
491 1203 541 1275 ὅτι
564 1208 621 1274 ἐπὶ
643 1211 731 1296 τῆςί)
747 1211 822 1275 furti
837 1208 980 1275 καὶτῶν
1003 1210 1127 1294 ὁμοίων
1150 1209 1190 1275 οδ
1212 1209 1346 1295 μόνονί)
1363 1209 1383 1275 ὁ
1398 1233 1497 1274 κατα-

378 1316 544 1391 δικασθείς
567 1315 752 1399 α’τιμοῦται,
775 1313 859 1381 ἄλλα
883 1319 937 1381 καὶ
960 1317 977 1384 ὁ
1001 1315 1090 1392 ε’κτδς
1114 1317 1321 1404 δικαστηρίου
1344 1316 1497 1382 διαλυσά-

377 1445 482 1505 μενος.
518 1422 610 1488 δοκεῖ
630 1421 690 1508 γάρ
708 1422 810 1508 ὥςπερ
833 1423 995 1510 χρήμασιν
1009 1422 1184 1511 οἷγοράζειν
1206 1421 1267 1510 τήν
1286 1425 1366 1488 καθ’
1379 1421 1498 1488 ἑαυτοῦ

327 1541 359 1592 10
377 1529 556 1611 μέλλουσαν
579 1529 774 1616 ἐκφέρεσθαι
797 1530 916 1616 ποινήν
938 1533 992 1596 καὶ
1016 1532 1060 1595 δι’
1083 1529 1128 1596 ὧν
1151 1530 1302 1596 πακτειίει
1324 1529 1361 1596 τδ
1379 1533 1499 1595 ολκετον

378 1635 574 1721 ὁμολογεϊνί)
599 1635 784 1724 άμάρτημα.
831 1637 884 1702 ἐπὶ
913 1637 950 1702 δὲ
977 1640 1046 1703 τῶν
1072 1635 1143 1704 άπὸ
1155 1639 1191 1724 ¹⁰)
1220 1635 1498 1722 συναλλαγμάτων

377 1742 394 1825 ὁ
417 1743 668 1819 καταδικασθεὶς
683 1742 783 1828 μόνος
798 1743 986 1828 άτιμοῦται·
1011 1744 1032 1810 δ
1047 1743 1109 1831 γάρ
1132 1743 1367 1828 διαλυσάμενος
1384 1745 1496 1830 [καλλι]

377 1847 467 1926 ἄξιος
495 1850 601 1926 ἐλέους
628 1849 826 1937 κριθήσεται.
874 1857 902 1920 3.
926 1850 1070 1917 Πάντων
1099 1852 1136 1917 δὲ
1163 1853 1271 1938 τῶνὶί)
1299 1855 1498 1935 κινουμένων
1508 1865 1533 1918 8.

378 1957 592 2042 δικαστηρίων
606 1955 645 2022 τὸ
662 1964 838 2045 προοίμιον
857 1957 893 2023 ἐκ
907 1967 967 2022 τοῦ
984 1959 1039 2024 ‘de
1055 1960 1091 2024 in
1107 1961 1165 2025 ius
1181 1960 1361 2025 uocando’
1386 1957 1498 2022 τίτλον

328 2075 358 2125 15
379 2065 451 2148 [τοῦ
474 2062 610 2148 ἠδίκτου
620 2065 669 2150 13)]
693 2066 753 2130 τοῦ
780 2067 987 2149 praetorosu)
1012 2064 1168 2150 λαμβάνει
1182 2063 1242 2152 τήν
1256 2064 1437 2152 πρόφασιν.
1475 2063 1497 2129 ὁ

377 2169 439 2255 γάρ
468 2168 663 2254 βουλόμενος
694 2170 777 2258 πρός
808 2196 882 2237 τινα
910 2172 1101 2249 δικάζεσθαι
1110 2175 1146 2258 ¹⁵)
1173 2171 1294 2255 ὀφείλει
1323 2171 1497 2260 προσιέναι

377 2275 422 2363 τῷ
446 2273 579 2364 ἄρχοντι
601 2279 656 2341 καὶ
678 2280 796 2343 τοῦτον
818 2280 927 2344 καλεῖν
954 2282 998 2355 είς
1027 2278 1234 2367 δικαστήριον
1242 2280 1288 2364 ¹⁶).
1326 2281 1356 2344 ελ
1383 2278 1422 2342 δέ
1446 2302 1496 2353 τις

377 2385 441 2447 τῶν
463 2381 626 2450 α’νιόντων
649 2383 736 2450 ἐστίν
758 2385 776 2450 ὁ
800 2384 997 2469 καλούμενος
1019 2384 1041 2472 ἤ
1049 2389 1084 2471 ¹⁷)
1109 2385 1247 2473 πάτρων
1267 2384 1334 2450 ὑπὸ
1357 2383 1494 2450 άπελεν·

376 2489 476 2577 θέρου
491 2489 510 2577 ἢ
526 2489 672 2567 άνιόντες
688 2491 788 2558 αὐτοῦ
804 2490 826 2578 ἤ
842 2491 1008 2568 κατιόντες
1025 2492 1077 2558 δεῖ
1089 2496 1215 2582 αἰτῆσαι
1234 2491 1337 2558 αὐτὸν
1353 2491 1493 2572 συγγνώ-

325 2608 359 2658 20
377 2621 449 2683 μην.
496 2600 524 2662 ελ
547 2596 609 2686 γάρ
635 2598 712 2680 δίχα
735 2597 889 2684 αἰτήσεως
913 2599 1103 2685 συγγνώμης
1126 2601 1282 2686 κληθῶσι,
1304 2601 1494 2684 κινουμένης

377 2706 445 2768 κατ’
469 2701 650 2789 αὖτδντῆς
673 2707 860 2788 infactum,
884 2708 927 2782 είς
953 2706 1018 2790 ν’18)
1046 2705 1360 2793 καταδικασθήσεται
1382 2710 1492 2789 νομλσ·

378 2834 475 2893 ματα.

469 3043 488 3109 1)
509 3041 569 3099 τινά
590 3042 777 3114 δαπανήματα
796 3044 839 3098 ad.
860 3045 894 3098 V.
914 3045 958 3099 Vi.
978 3046 1011 3099 R.
1202 3045 1224 3112 2)
1244 3045 1366 3100 ἐνταῦθα
1386 3042 1412 3096 h.
1431 3043 1449 3096 l.
1466 3043 1498 3099 Ρ.

378 3131 402 3198 1)
422 3134 486 3185 -ία
505 3133 546 3184 Ll.
567 3131 611 3185 L2.
630 3132 673 3185 R:
694 3132 708 3200 ι)
727 3134 778 3186 ins.
798 3147 869 3188 omn,
888 3139 976 3202 praet.
995 3135 1025 3187 P.
1112 3134 1134 3200 1)
1154 3136 1267 3194 -σθείς
1285 3133 1320 3187 V.
1429 3132 1452 3196 ⁵)
1470 3130 1497 3186 d.

378 3219 422 3273 Vi.
443 3219 475 3272 G.
592 3220 614 3290 1)
635 3224 690 3276 τῶν
708 3221 734 3279 d.
754 3238 816 3276 oum
833 3223 864 3276 P.
977 3223 999 3291 1)
1017 3223 1060 3277 P.:
1080 3228 1132 3277 oet.
1153 3227 1191 3295 τῇ.
1304 3221 1326 3289 1)
1345 3219 1388 3274 ad.
1408 3235 1443 3275 ox
1463 3220 1498 3274 V.

377 3307 407 3360 P.
426 3307 471 3361 Vi.
490 3308 533 3364 Fl.
553 3309 586 3364 R.
748 3308 771 3379 1)
791 3312 889 3378 scripsi
907 3327 958 3380 pro
977 3312 1052 3380 uulg.
1072 3319 1140 3368 -εῑ,
1297 3309 1332 3379 ¹⁰)
1352 3309 1379 3365 d.
1398 3309 1434 3365 V.
1452 3308 1498 3364 Vl.

380 3396 415 3463 11)
433 3395 503 3452 dole.
613 3398 646 3465 11)
666 3397 692 3453 d.
709 3399 753 3452 vi.
774 3399 807 3454 G.
917 3401 951 3471 11)
971 3398 1071 3454 addidi.
1157 3400 1192 3468 14)
1210 3398 1237 3454 δ.
1255 3399 1285 3453 P.
1396 3399 1431 3467 ¹⁵)
1449 3397 1497 3452 V.:

379 3488 431 3539 cet.
451 3495 598 3542 --σασθαι
691 3488 724 3555 11)
744 3495 839 3544 καλεῖν
857 3488 882 3542 h.
903 3490 920 3544 l.
939 3490 968 3543 P.
1055 3490 1089 3558 11)
1110 3488 1123 3544 ὁ
1143 3505 1195 3542 om.
1216 3502 1277 3542 cum
1295 3488 1330 3542 V.
1349 3488 1379 3542 P.
1400 3487 1444 3541 Vi.
1464 3487 1497 3540 R.

381 3573 414 3640 18)
434 3579 545 3646 νομίσμ.
566 3576 590 3630 h.
610 3579 626 3628 l.
647 3577 676 3631 P.
