3298 5322
587 298 828 360 -411-

148 475 251 533 torem
282 469 388 534 faeere
420 489 512 534 nemo
546 471 653 553 possit.
703 491 760 554 per
791 479 1010 555 procuratores
1039 479 1143 538 autem
1171 474 1266 540 lioeat

149 593 228 675 ipsis
244 593 427 657 iniuriarum
443 594 600 659 actionem
617 595 788 678 suscipere,
809 595 901 660 siouti
917 595 1028 660 eadem
1045 597 1265 663 constitutione

150 724 276 782 sautum
301 725 356 782 001.
401 718 598 783 manifestius
629 727 735 784 autem
762 720 840 784 haeo
869 720 975 784 omnia
1003 721 1033 785 ei
1061 723 1265 804 apparebunt,

97 850 138 902 11.
150 843 206 924 qui
241 843 321 907 hane
357 843 470 925 legerit
505 844 766 908 constitutionem.
817 849 865 911 11.
888 845 961 909 Non
995 846 1096 910 solum
1131 847 1185 928 qui
1217 867 1267 911 me

148 967 307 1049 percussit
329 967 512 1031 iniuriarum
537 975 672 1050 tenetur,
702 976 751 1034 set
777 969 831 1034 ille
861 969 998 1053 quoque,
1027 971 1115 1035 ouius
1140 971 1212 1036 dolo
1236 971 1269 1035 id
1306 987 1323 1037 s

97 1089 269 1156 tasnatum
293 1097 349 1173 001,
374 1092 428 1172 qui
451 1092 571 1158 seilicet
594 1093 716 1158 curauit
738 1098 772 1157 ut
794 1101 982 1176 pereuterer.
1018 1097 1065 1160 12.
1081 1095 1269 1160 Iniuriarum

148 1215 235 1280 aotio
253 1215 502 1282 dissimulatione
520 1217 673 1282 aboletur.
721 1224 752 1282 et
775 1217 847 1282 ideo
864 1218 891 1284 si
908 1219 978 1298 quis
994 1218 1139 1284 iniuriam
1154 1239 1268 1302 passus

151 1359 225 1404 eam
258 1342 350 1424 parui
384 1341 508 1422 feeerit,
546 1343 624 1406 100.
654 1344 694 1406 ob
722 1342 754 1406 id
788 1343 873 1424 quod
904 1343 1020 1408 faotum
1054 1349 1102 1408 est
1134 1363 1196 1408 non
1229 1343 1269 1408 sit

148 1463 333 1548 indignatus
345 1485 447 1546 neque
463 1465 496 1530 id
509 1487 606 1549 aegre
621 1487 680 1531 sua
695 1472 797 1532 monte
814 1467 920 1531 tulerit
936 1488 1005 1532 oum
1023 1487 1061 1532 aa
1074 1466 1267 1550 adficeretur,

147 1596 263 1674 postea
279 1610 318 1654 01
333 1590 529 1674 poenitentia
545 1591 710 1655 remissam
726 1591 871 1654 iniuriam
894 1611 956 1655 non
979 1592 1095 1675 poterit
1118 1591 1267 1656 recolere.
1288 1606 1321 1658 10

239 2227 288 2292 De
313 2227 560 2310 obligationibus
584 2248 665 2309 quae
689 2228 781 2309 quasi
804 2249 844 2293 01
867 2227 981 2293 delicto
1005 2237 1184 2294 naseuntur.

622 2352 744 2416 Titulus
768 2356 797 2418 5.

240 2509 316 2574 Cum
334 2509 373 2574 de
390 2510 568 2575 notionibus
591 2511 689 2576 loouti
705 2512 809 2588 simus,
834 2531 914 2592 quae
935 2531 975 2576 01
995 2511 1110 2576 delioto
1133 2532 1266 2577 000000-

143 2640 209 2714 tur,
234 2633 397 2698 uideamus
421 2634 460 2698 de
484 2634 533 2717 iis,
559 2654 640 2715 quae
664 2635 755 2716 quasi
779 2655 818 2700 ex
842 2635 956 2700 delioto
979 2643 1157 2701 naseuntur.
1197 2657 1267 2701 oum

143 2757 231 2822 inter
252 2778 302 2822 me
327 2779 364 2823 ao
389 2759 505 2824 Titium
521 2759 663 2824 Maeuius
680 2766 894 2842 oognosoeret,
918 2759 1064 2824 inimiam
1079 2761 1155 2824 mihi
1175 2761 1264 2844 feoit;

146 2883 231 2948 forte
255 2881 337 2948 enim
360 2903 410 2948 me
433 2883 510 2947 nihil
528 2883 693 2948 debentem
710 2883 939 2948 condemnauit.
978 2890 1010 2948 et
1024 2884 1084 2948 hoo
1100 2889 1157 2966 001,
1182 2885 1266 2964 quod

143 3007 236 3090 apud
258 3007 325 3072 iure
349 3008 509 3072 oonsultos
534 3007 661 3072 dioitur:
687 3008 810 3072 »litem
834 3029 937 3072 suam
960 3007 1081 3074 feeitr.
1120 3009 1266 3092 011001010-
1286 3023 1320 3075 15

145 3153 219 3196 mus
242 3151 283 3195 an
306 3132 338 3196 id
361 3138 540 3197 eontraotus
564 3132 613 3214 sit,
638 3153 681 3197 an
704 3133 796 3214 quasi
819 3138 1008 3215 0001100100,
1031 3154 1073 3196 00
1096 3132 1266 3198 doliolum?

145 3263 183 3320 01
207 3256 342 3339 primum
370 3263 592 3322 eontraotus
620 3277 683 3322 non
715 3265 776 3340 est;
813 3263 991 3322 oontraotus
1021 3258 1103 3322 enim
1136 3258 1267 3323 duorum

145 3403 336 3448 eonsensum
370 3384 511 3467 requirit,
546 3403 609 3448 non
644 3391 748 3448 autem
780 3405 850 3448 meo
881 3404 1036 3449 consensu
1063 3383 1158 3448 iudex
1191 3383 1267 3447 mibi

144 3507 296 3572 iniuriam
325 3509 413 3574 feeit:
442 3528 544 3590 neque
574 3509 684 3589 quasi
711 3514 943 3590 contractus,
974 3530 1047 3573 nam
1076 3508 1167 3590 quasi
1195 3527 1266 3572 oon·
