3328 5318
575 417 815 479 -456-

138 610 211 653 nam
228 590 255 653 si
270 589 417 672 genitalis
434 590 475 653 sit
489 589 608 654 feritas.
633 590 715 654 actio
731 610 771 654 ex
786 591 845 652 Xll
861 591 977 654 tabulis
1001 597 1112 655 cessat.
1146 591 1252 671 itaque

139 715 167 778 si
182 735 273 778 ursus
289 715 371 796 fugit
389 720 420 779 et
439 715 596 796 quendam
612 716 713 796 laesit,
736 735 800 779 non
815 723 919 798 potest
936 716 1093 797 quondam
1110 717 1252 780 dominus

139 840 246 904 noxali
262 839 386 904 actione
403 840 577 922 conueniri3
602 839 672 904 ideo
697 847 801 904 autem
825 841 1026 921 »quondam
1051 841 1252 905 dominnm

139 963 217 1045 dixi,
247 964 322 1044 quia
344 964 413 1028 fera
437 964 575 1028 suadens
603 965 636 1028 in
663 965 838 1028 naturalem
866 965 1044 1029 libertatem
1072 985 1106 1029 se
1135 966 1254 1048 recepit

139 1094 170 1151 et
199 1088 293 1152 desiit
321 1089 353 1151 in
386 1087 523 1152 dominio
557 1089 741 1172 cuiusquam
774 1109 851 1153 esse.
899 1089 1123 1172 ‘pauperies'
1149 1097 1253 1156 autem
1291 1101 1306 1151 5

138 1213 251 1277 dicitur
275 1213 422 1277 damnum
438 1212 505 1277 sine
522 1213 636 1277 iniuria
652 1214 767 1295 datum,
791 1214 876 1295 quod
899 1213 931 1277 in
954 1215 1142 1279 animalibus
1159 1236 1254 1280 sensu

139 1337 317 1402 carentibus
342 1338 507 1418 contingit:
532 1357 634 1418 neque
659 1339 740 1402 enim
765 1344 868 1421 potest
891 1339 1021 1420 animal,
1051 1341 1135 1420 quod
1159 1361 1253 1404 sensu

138 1469 239 1543 caret,
271 1462 417 1525 dammum
446 1462 599 1526 aduersus
623 1463 788 1544 quemdam
823 1463 934 1527 moliri.
980 1465 1058 1527 haec
1094 1463 1177 1545 quod
1211 1463 1277 1544 ad¹

105 1587 285 1650 1.noxalem
309 1587 463 1650 actionem
485 1587 628 1669 pertinet.
664 1592 690 1652 1.
706 1588 787 1650 Nam
804 1588 963 1652 sciendum
987 1594 1035 1651 est
1059 1587 1179 1651 aediles
1195 1609 1251 1651 sno

139 1711 242 1775 edicto
267 1711 433 1794 prohibere
458 1731 635 1792 quenquam
659 1731 769 1775 canem
793 1717 847 1776 aut
862 1732 985 1776 uerrem
1009 1718 1063 1776 aut
1077 1733 1183 1776 ursum
1200 1717 1254 1775 aut
1273 1726 1307 1776 10

139 1837 254 1900 bouem
277 1835 321 1898 ibi
344 1836 470 1915 habere,
495 1855 557 1914 qua
580 1836 676 1918 uulgo
700 1835 759 1899 iter
781 1836 822 1899 fit.
862 1843 893 1899 et
909 1837 936 1900 si
951 1836 1104 1900 aduersus
1128 1856 1167 1900 ea
1183 1836 1252 1916 quis

139 1961 263 2040 fecerit,
298 1967 329 2023 et
359 1959 459 2023 libero
487 1959 603 2024 homini
631 1960 703 2024 inde
731 1961 866 2024 nocitum
896 1960 948 2041 sit,
983 1959 1127 2024 dominus
1154 1961 1251 2042 ferae,

140 2104 222 2166 quae
246 2083 361 2163 nocuit,
386 2084 465 2147 tanti
486 2085 754 2166 condemnabitur,
780 2091 931 2165 quantum
947 2086 1063 2149 bonum
1084 2092 1116 2149 et
1138 2105 1253 2164 aquom

140 2209 238 2272 iudici
253 2209 419 2272 uidebitur.
464 2209 491 2272 si
507 2209 572 2272 alia
588 2209 748 2290 quaelibet
763 2229 813 2273 res
829 2211 918 2274 laesa
943 2217 999 2292 est,
1024 2209 1121 2275 ueluti
1144 2229 1253 2274 seruus

140 2353 231 2398 meus
254 2335 306 2398 uel
331 2353 419 2398 meus
441 2353 540 2414 equus
561 2335 612 2397 uel
636 2333 721 2398 alind
745 2335 906 2414 quodlibet
928 2335 1058 2409 animal,
1082 2335 1169 2398 cuius
1186 2355 1254 2398 sum
1274 2346 1306 2396 15

142 2459 300 2539 dominus,
330 2459 457 2542 duplum
486 2459 592 2522 damni
620 2458 686 2522 dati
716 2459 860 2524 dominus
888 2459 1071 2541 praestabit.
1117 2466 1150 2521 ut
1180 2479 1254 2523 ecce

141 2584 476 2647 damnoXaureorum
492 2583 635 2647 adfectus
651 2603 733 2664 sum;
758 2583 819 2646 XX
837 2601 1019 2666 consequar.
1053 2602 1111 2646 nec
1136 2590 1255 2646 tantum

141 2708 310 2772 aediliciae
337 2708 493 2788 actiones,
522 2713 571 2772 set
594 2707 689 2771 etiam
712 2708 843 2772 noxales
866 2707 899 2770 in
926 2707 1102 2772 huiusmodi
1130 2707 1255 2771 casibus

138 2833 245 2896 locum
273 2833 398 2896 habent.
454 2832 644 2914 generaliter
671 2831 753 2896 enim
785 2831 1000 2895 admonendus
1035 2849 1069 2894 es
1096 2851 1256 2911 nunquam

141 2957 293 3040 poenales
318 2957 458 3021 actiones
487 2957 525 3020 de
550 2957 660 3021 eadem
689 2977 722 3020 re
751 2962 971 3020 concurrentes
999 2955 1095 3020 aliam
1123 2958 1163 3018 ab
1192 2955 1256 3019 alia
1275 2967 1310 3018 20

142 3081 292 3148 consumi.

269 3685 317 3748 De
341 3680 390 3746 his
413 3702 471 3766 per
495 3702 574 3762 quos
598 3702 696 3764 agere
718 3701 894 3766 possumus.
940 3681 1062 3746 Titulus
1089 3685 1137 3748 10.

234 3842 311 3906 Cum
336 3843 375 3907 de
400 3842 576 3907 actionibus
599 3842 780 3922 dixerimus,
805 3862 886 3923 qnae
908 3849 1017 3906 eontra
1039 3860 1097 3906 nos
1121 3828 1261 3906 contrac-

147 3981 234 4032 tuum
258 3974 312 4031 ant
336 3966 520 4032 delictorum
544 3986 651 4030 eorum
674 3966 816 4046 nomine,
841 3966 895 4046 qui
918 3965 950 4029 in
973 3972 1081 4030 nostra
1104 3958 1261 4050 potestate

199 4276 292 4326 Theonis.
306 4279 418 4316 Antecese.
433 4286 474 4316 rec.
489 4275 577 4314 Farrird.
