3384 5314
629 415 868 482 -495-

193 595 413 660 adulescentes
448 617 488 659 ea
522 595 706 676 intellegere
742 600 773 658 et
803 612 922 657 summo
955 592 1052 674 digito
1088 610 1144 673 per
1176 590 1304 653 breuem

193 721 421 804 expositionem
446 721 609 803 attingere.
656 718 885 802 diligentiorem
910 717 991 782 enim
1011 737 1118 781 eorum
1142 715 1305 779 scientiam

193 867 231 910 ex
267 846 411 910 uberiore
447 845 651 927 Digestorum
687 845 754 908 siue
790 843 1019 907 Pundectcrum
1051 841 1207 920 doctrina,
1244 839 1304 902 Dei

192 971 300 1035 tenore
324 971 523 1054 procedente,
548 969 659 1034 lecturi
682 970 902 1049 adsequentur.

236 1131 374 1214 Explicit
397 1152 466 1196 eum
490 1131 558 1196 Deo
582 1130 739 1194 Institutio
764 1131 823 1193 llll
848 1127 1017 1211 Theophili
1040 1125 1267 1190 Antecessoris
1343 1137 1358 1188 o

680 1254 822 1320 feliciter.

280 1488 329 1551 Ex
353 1487 404 1550 L¹:
431 1487 590 1551 sciendum
615 1492 662 1551 est
685 1486 717 1549 in
733 1486 867 1568 publicis
883 1485 1006 1549 iudiciis
1032 1486 1110 1548 duas
1132 1503 1202 1548 esse
1218 1483 1305 1564 leges

194 1612 366 1693 Cornelias,
403 1613 447 1676 de
472 1612 624 1676 sica-riis
648 1632 760 1695 nempe
789 1612 887 1676 etde
919 1611 1045 1675 falsis:
1081 1631 1174 1674 unam
1203 1609 1305 1690 legem

192 1737 385 1820 Pompeiam,
415 1737 459 1801 de
483 1735 718 1819 parricidiis:
747 1757 840 1800 unam
864 1736 967 1818 legem
991 1734 1131 1816 Fabiam,
1156 1733 1201 1798 de
1225 1733 1304 1816 pla-

193 1862 341 1942 giariis:
367 1868 489 1925 ceteras
513 1882 589 1925 uero
614 1881 683 1925 esse
700 1862 788 1943 leges
811 1861 923 1924 Iulias:
948 1860 993 1924 de
1017 1859 1233 1938 maiestate,
1262 1857 1304 1920 de
1327 1869 1360 1918 10

194 1986 408 2067 adulteriis,
445 1985 489 2050 de
517 1986 553 2049 ui
581 1985 750 2068 publice,
787 1985 830 2049 de
858 1985 895 2048 ui
922 1985 1089 2068 priuata,
1123 1983 1166 2047 de
1195 2003 1305 2066 pecu·

193 2111 285 2191 latu,
329 2111 373 2174 de
412 2110 566 2192 ambitu,
611 2112 654 2174 de
692 2110 926 2194 repetundis,
972 2109 1014 2173 de
1056 2129 1217 2188 annone,
1261 2107 1304 2170 de

193 2235 365 2300 residuis.
400 2257 512 2300 nouem
537 2243 607 2299 sunt
630 2235 725 2318 igitur
749 2236 873 2299 omnino
895 2235 983 2317 leges
1004 2234 1113 2315 Iuliae,
1137 2233 1164 2296 si
1188 2233 1305 2297 crimen

194 2361 233 2424 de
256 2361 289 2424 ui
311 2361 440 2444 publica
456 2383 475 2424 a
492 2361 619 2425 crimine
637 2362 675 2425 de
692 2362 723 2425 ui
739 2361 864 2444 priuata
881 2361 1103 2442 distinguetur:
1129 2360 1177 2423 sin
1201 2365 1303 2422 autem

194 2485 272 2548 haec
301 2486 487 2567 coniungas,
517 2491 587 2550 octo
616 2487 690 2550 tient
714 2486 813 2550 etita
836 2487 897 2548 Xll
920 2485 1046 2550 omnino
1075 2485 1151 2548 liunt
1179 2484 1305 2568 publica
1326 2499 1357 2550 15

194 2609 320 2675 iudicia.
356 2629 456 2674 emen.
