3298 5322
551 325 791 390 ..391-

130 501 279 584 pereipiat.
310 500 421 564 merito
443 500 539 582 igitur
555 499 648 562 datur
669 499 699 564 ei
714 497 790 563 furti
805 499 899 574 actio,
922 518 984 564 non
999 497 1075 562 mihi
1091 497 1225 563 domino.

130 643 183 708 ego
205 625 284 689 enim
306 623 544 708 pignoraticiam
569 624 722 688 aduersus
745 643 816 688 eum
838 623 972 698 habebo,
996 628 1104 706 utpote
1126 623 1226 702 quiin

128 769 158 814 rc
179 748 380 814 custodienda
401 749 606 832 neglegenter
629 748 669 812 sit
692 754 844 812 uersatus.
878 747 1008 812 habebit
1029 752 1134 812 autem
1152 746 1227 811 furti

128 874 272 938 actionem
295 873 443 955 creditor,
466 871 590 938 etiamsi
613 891 673 954 ego
699 871 821 936 debitor
843 872 974 936 idoneus
997 872 1070 954 sim;
1099 871 1226 954 expedit

128 997 202 1062 euim
230 997 261 1063 ei
288 998 412 1080 pigneri
438 997 542 1080 potius
569 997 750 1062 incumbere
778 1004 809 1060 et
836 995 909 1060 inde
939 996 1000 1060 sibi
1028 997 1227 1060 securitatem
1264 1009 1288 1059 o

127 1140 317 1204 comparare,
346 1141 439 1202 quam
465 1121 499 1186 in
527 1141 694 1204 pomonam
727 1121 879 1184 aduersus
912 1140 962 1185 me
997 1139 1102 1202 agere.
1148 1119 1228 1184 adeo

126 1252 222 1310 autem
245 1265 353 1310 uerum
377 1254 425 1310 est
448 1245 594 1310 creditori
618 1245 772 1310 actionem
795 1245 870 1308 furti
886 1251 1073 1328 competere,
1098 1251 1132 1308 ut
1155 1251 1186 1308 et
1201 1243 1229 1308 si

125 1369 187 1451 ipsc
217 1369 341 1434 debitor
368 1369 482 1453 pignus
512 1369 734 1452 subripuerim,
765 1361 964 1434 nihilominus
993 1368 1154 1449 creditori,
1183 1367 1229 1431 uti

84 1493 244 1576 15.saepius
262 1493 449 1576 dictumest,
471 1493 546 1557 furti
562 1494 643 1557 actio
665 1494 762 1558 detur.
801 1497 849 1559 15.
872 1493 956 1558 Dedi
976 1493 1088 1557 fulloni
1108 1492 1228 1575 polien-

125 1616 191 1681 dam
214 1625 270 1682 aut
292 1618 461 1682 leuandam
484 1625 604 1682 uestem
627 1618 680 1681 uel
703 1617 890 1682 sarcinatori
913 1617 1124 1697 sarciendam,
1148 1636 1227 1680 mer·
1248 1628 1291 1679 10=

124 1741 195 1806 cede
222 1748 310 1807 certa
337 1742 514 1806 constituta.
558 1743 641 1807 furto
669 1741 807 1806 admisso
837 1761 876 1806 ea
903 1741 1010 1824 periit:
1039 1741 1141 1824 magis
1170 1747 1228 1821 est,

124 1872 154 1930 ut
178 1867 247 1950 ipse
275 1868 351 1931 fullo
381 1873 435 1931 aut
467 1867 643 1932 sarcinator
674 1867 828 1931 actionem
862 1865 938 1930 furti
970 1866 1100 1962 habeat,
1135 1885 1229 1945 quam

124 1990 276 2073 dominus3
305 1992 423 2056 domini
450 1992 532 2056 enirn
559 2011 623 2055 non
649 1992 779 2056 interest
802 2011 868 2055 rem
890 1991 1007 2074 perire,
1037 2010 1106 2055 cum
1134 1991 1163 2054 ei
1191 1990 1236 2054 de-

124 2115 322 2180 indemnitate
356 2115 452 2180 uestis
486 2121 686 2199 prospectum
721 2116 774 2198 sit,
811 2115 886 2195 quia
913 2137 933 2178 a
956 2114 1149 2180 sarcinatore
1177 2113 1230 2178 uei

123 2239 236 2304 fullone
260 2240 355 2304 locati
379 2241 502 2304 actione
525 2259 592 2304 rem
616 2261 703 2304 suam
727 2239 874 2324 persequi
896 2245 1009 2322 potest.
1055 2239 1231 2304 sarcinator
1251 2248 1283 2300 15

124 2369 223 2428 autem
259 2363 310 2428 uel
337 2363 414 2429 fullo
442 2365 513 2428 ideo
542 2363 616 2428 furti
643 2365 798 2428 audonem
826 2369 988 2444 exercent,
1020 2363 1094 2443 quia
1122 2383 1228 2428 eorum

123 2487 249 2552 interest
271 2487 386 2552 furtum
409 2509 472 2553 non
495 2488 576 2570 fieri:
600 2508 635 2553 re
658 2489 740 2552 enim
764 2494 900 2569 seruata,
925 2487 1099 2552 mercedem
1118 2487 1230 2552 consti·
1350 2537 1352 2542 ,

121 2616 217 2676 tutam
250 2612 448 2678 adsecuntur.
493 2614 521 2678 si
549 2613 617 2693 quis
646 2613 729 2677 bona
758 2612 818 2677 fide
850 2632 915 2676 rem
949 2612 1084 2675 alienam
1113 2611 1231 2694 emerit,

122 2755 252 2817 eamque
264 2736 347 2801 furto
359 2737 507 2819 amiserit,
524 2738 666 2817 quamuis
683 2736 825 2801 dominus
840 2755 904 2800 non
920 2736 968 2818 sit,
986 2736 1060 2800 furti
1076 2737 1231 2800 actionem

121 2860 258 2943 habebit,
281 2861 373 2926 sicuti
396 2867 427 2926 et
450 2861 593 2926 creditor.
638 2861 750 2926 fulloni
777 2869 881 2926 autem
905 2867 937 2925 et
959 2860 1146 2925 sarcinatori
1168 2879 1230 2924 non
1251 2877 1294 2928 202

122 2983 211 3050 aliter
234 2986 310 3050 furti
334 2985 435 3069 datur,
459 3007 553 3068 quam
577 2987 604 3050 si
627 2986 777 3051 soluendo
801 2987 876 3068 sint,
901 2985 960 3050 hcc
984 2992 1032 3050 est
1055 2985 1082 3049 si
1106 2984 1230 3048 domino

122 3111 168 3174 rei
189 3111 440 3176 aestimationem
464 3112 588 3176 soluere
611 3111 739 3194 possint.
773 3131 847 3176 nam
863 3110 891 3174 si
906 3109 1039 3194 pretium
1063 3110 1231 3192 subreptae

121 3235 167 3300 rei
188 3241 353 3318 praestare
377 3254 440 3300 non
462 3242 607 3318 possunt,
630 3242 695 3300 tum
718 3235 793 3300 furti
816 3235 899 3300 actio
924 3234 1049 3298 domino
1073 3233 1232 3315 competit,

121 3364 228 3442 utpote
253 3360 306 3440 qui
321 3366 458 3441 nequeat
473 3362 514 3424 ab
532 3361 578 3424 eis
594 3361 762 3443 subreptae
785 3360 832 3424 rei
852 3359 1102 3424 aestimationem
1125 3376 1233 3422 conse-

122 3485 187 3564 qui:
216 3491 291 3550 tunc
314 3485 397 3550 enim
421 3485 488 3550 eius
515 3485 646 3549 interest
671 3504 738 3549 rem
766 3485 888 3548 saluam
918 3503 1003 3564 esse,
1033 3483 1108 3564 quia
1134 3481 1233 3546 uestis
1252 3498 1295 3550 25-

121 3609 300 3674 aestimatio
333 3629 372 3674 ex
396 3609 524 3673 fullonis
555 3609 797 3674 sarcinatorisue
832 3608 922 3672 bonis
955 3608 985 3672 ei
1020 3607 1141 3672 seruari
1171 3625 1235 3670 non

121 3739 235 3816 potest.
281 3735 359 3799 haec
388 3741 491 3798 autom
519 3734 650 3798 dicimus
679 3733 746 3798 siue
770 3733 802 3798 in
831 3739 921 3816 parte
950 3731 1017 3796 siue
1044 3731 1242 3796 insolidum
