3164 5338
512 396 752 462 -359—

93 579 202 658 paetum
224 570 318 636 fuerit
340 571 421 636 inter
437 571 667 652 contrahentes,
691 570 751 635 hoc
766 570 897 654 perinde
918 569 1059 654 optinere
1083 571 1192 652 debet.

92 717 125 762 ac
145 697 169 761 si
189 695 260 760 talis
288 695 463 760 contractui
485 695 607 760 indoles
635 695 787 760 haereret.
832 715 906 759 nam
929 714 969 760 cx
995 701 1089 778 pacto
1117 714 1189 760 con-

91 827 195 885 tractus
220 826 334 884 natura
361 819 531 884 descendit.
577 819 626 884 sin
653 823 757 884 autem
791 819 869 920 nihil
897 818 936 883 de
971 819 1110 902 periculo
1142 819 1190 884 rei

90 949 202 1028 pactum
217 944 320 1027 fuerit,
343 949 425 1027 tunc,
450 944 477 1010 si
494 943 619 1025 quidem
634 943 729 1008 totius
745 944 792 1008 rei
807 943 840 1008 in
856 944 1075 1028 emphyteusin
1094 943 1189 1009 datae
1209 1037 1214 1046 Ι

89 1069 219 1134 interitus
252 1070 406 1152 cuenerit,
441 1069 482 1134 ad
509 1069 681 1151 dominum,
717 1089 788 1134 eum
820 1089 932 1152 nempe
968 1069 1021 1151 qui
1054 1089 1121 1134 rem
1156 1069 1189 1133 in
1226 1077 1249 1128 o

89 1194 295 1277 emphyteusin
311 1194 406 1276 dedit,
431 1193 578 1258 damnum
593 1192 754 1276 redundet,
771 1194 819 1258 sin
834 1194 1044 1277 particularis,
1061 1195 1189 1278 emphy-

87 1318 257 1383 teuticarius
287 1318 465 1384 huiusmodi
499 1319 646 1383 damnum
673 1318 802 1400 sentiat,
832 1339 893 1401 quo
922 1319 989 1383 iure
1016 1318 1131 1382 utimur
1159 1327 1190 1383 ct

60 1443 223 1526 tregimur.
247 1448 277 1509 4.
292 1445 371 1508 Item
387 1450 419 1508 et
434 1443 511 1507 illud
528 1443 696 1526 quaeritur.
728 1443 848 1507 aurifici
864 1442 987 1507 cuidam
1000 1443 1082 1524 dedi,
1100 1443 1189 1508 uerbi

86 1567 188 1649 gratia,
213 1568 323 1633 decem
344 1588 456 1632 aurcos
473 1587 511 1632 co
527 1573 631 1652 pacto,
655 1574 690 1632 ut
705 1567 828 1632 aurifex
843 1567 912 1652 ipse
928 1587 967 1632 ex
984 1588 1042 1632 sua
1057 1567 1190 1632 materia

86 1692 187 1756 anulos
210 1692 287 1757 mihi
313 1693 433 1757 faceret
461 1693 538 1758 certi
566 1692 654 1757 aurei
681 1692 830 1776 ponderis
859 1697 1025 1772 certaeque
1052 1692 1187 1758 formae:
1211 1697 1249 1748 101

86 1821 178 1880 chum
201 1817 343 1882 uenditio
367 1837 408 1881 an
430 1817 547 1882 locatio
572 1815 725 1882 eiusmodi
749 1822 925 1880 contractus
954 1816 995 1880 sit
1021 1816 1189 1898 quaeritur,

86 1947 114 2004 ct
127 1940 254 2006 Cassius
278 1941 322 2005 ait
345 1946 377 2006 et
398 1941 609 2006 uenditionem
634 1945 665 2006 et
679 1941 869 2006 locationem
892 1941 973 2005 hunc
997 1945 1188 2006 contractum

85 2085 157 2148 esse,
175 2066 223 2132 ita
238 2072 272 2131 ut
287 2066 315 2130 si
330 2066 399 2130 auri
414 2065 588 2146 materiam,
605 2071 713 2149 utpote
729 2085 793 2130 non
808 2066 931 2148 honam,
943 2064 1189 2150 reprohaucrim

86 2197 262 2275 exempto,
293 2191 320 2255 si
344 2210 420 2256 uero
449 2211 591 2276 operam,
620 2197 727 2276 utpote
751 2210 814 2256 uon
841 2195 927 2255 recte
950 2211 984 2256 se
1012 2191 1189 2270 habentem,

84 2316 171 2380 locati
192 2315 331 2380 habeam
354 2315 518 2380 actionem.
554 2321 585 2380 ct
607 2315 708 2398 magis
724 2314 844 2398 placuit
860 2315 1047 2399 emptionem
1071 2321 1102 2380 et
1117 2334 1191 2380 uen-
1212 2317 1250 2369 lo

85 2438 228 2505 ditionem
252 2459 323 2504 esse
345 2439 379 2504 id
401 2439 574 2522 negotium3
603 2459 702 2522 opera
730 2439 812 2503 enim
835 2439 927 2521 quasi
953 2439 986 2504 in
1009 2439 1191 2504 accessione

85 2571 134 2629 est.
165 2565 193 2629 si
215 2583 294 2629 uero
318 2585 428 2628 aurum
450 2583 553 2629 meum
576 2563 644 2647 ipse
661 2563 800 2629 dederim
820 2563 949 2646 aurifici,
974 2563 1118 2630 mercede
1133 2585 1190 2648 pro

84 2708 175 2771 opera
198 2689 383 2771 constituta,
412 2709 475 2754 nou
498 2695 546 2754 cst
569 2689 709 2770 dubium,
733 2688 808 2772 quin
830 2687 946 2753 locatio
971 2695 1002 2752 et
1025 2688 1191 2754 conductio

56 2823 119 2878 oea
142 2834 194 2879 res
223 2814 273 2879 sit.
307 2817 337 2880 5.
362 2813 539 2879 Conductor
553 2813 659 2878 omnia
674 2813 843 2878 secundum
860 2813 962 2896 legem
979 2813 1192 2880 conductionis

83 2938 182 3004 facere
199 2939 303 3021 debet,
326 2938 355 3004 h.
368 2959 394 3002 e.
407 2938 578 3003 secundum
593 2937 626 3002 id
642 2936 816 3019 quodinter
830 2937 1050 3004 contrahentes
1065 2939 1192 3022 placuit.
1212 2947 1251 2998 20

84 3063 204 3145 siquid
228 3063 262 3128 in
285 3067 446 3130 contractu
460 3063 717 3147 praetermissum
740 3069 797 3144 est,
821 3062 853 3127 id
869 3081 909 3128 ex
932 3082 1034 3144 aequo
1055 3070 1086 3129 et
1108 3065 1192 3130 hono

83 3187 173 3252 dehet
185 3188 318 3252 definiri.
341 3188 369 3252 si
385 3188 435 3252 cui
450 3193 570 3253 uestem
585 3188 638 3252 uel
654 3193 817 3271 argentum
832 3188 885 3252 uel
896 3188 1067 3253 iumentum
1076 3188 1194 3254 utenda

82 3311 157 3396 dem,
181 3312 298 3378 deinde
323 3331 380 3397 pro
404 3313 472 3378 eius
496 3333 555 3377 usu
577 3319 696 3377 certam
712 3313 877 3396 pecuniam
893 3313 1047 3382 mercedis
1068 3313 1192 3377 nomine

82 3437 152 3502 mihi
176 3438 270 3504 detur
293 3443 348 3501 ant
370 3437 440 3501 dari
462 3437 669 3520 promittatur,
698 3436 725 3500 is
754 3437 807 3520 qui
835 3437 951 3522 accipit
976 3444 1097 3502 tantam
1125 3437 1194 3502 dili·

82 3562 219 3643 gentiam
243 3561 276 3626 in
299 3581 407 3626 eorum
430 3561 575 3626 custodia
589 3567 752 3646 praestare
769 3562 873 3643 debet,
898 3567 1047 3643 quantam
1063 3562 1194 3646 diligen·
1213 3569 1247 3620 25

81 3685 217 3752 tissimus
242 3685 374 3768 quisque
398 3685 463 3751 suis
485 3688 579 3752 rebus
604 3686 740 3752 adhibet.
787 3707 880 3768 quam
903 3687 931 3752 si
953 3687 1146 3771 praestiterit
1164 3693 1195 3751 et
