3298 5322
562 385 803 450 —399—

123 578 202 624 oues
225 579 351 643 caprae.
397 566 445 624 set
468 559 563 624 etiam
587 579 659 626 sues
683 560 716 624 in
742 559 896 642 peeudnm
926 559 1139 643 appellatione
1169 579 1241 625 eon·

121 685 270 749 tinentur.
314 705 388 749 nam
410 683 444 748 id
467 691 498 750 et
520 691 617 768 poeta
639 684 794 749 Homerus
818 684 850 749 iu
867 684 1006 768 Odyssia
1022 684 1123 768 donet,
1148 683 1240 749 aienti

122 809 233 874 Aelius
245 809 423 874 Marcianus
439 810 472 874 in
488 810 553 874 suis
576 809 890 874 Institutionibus
906 809 1003 874 refert
1018 809 1113 874 hosne
1129 829 1239 874 uersus

123 936 416 1018 commemorans2¹l

232 1056 316 1148 δῄεις
339 1056 433 1137 τόνγε
456 1056 561 1124 σύεσσι
584 1056 790 1148 παρήμενον·
816 1057 847 1122 οἳ
870 1057 907 1122 δὲ
930 1058 1119 1142 νέμονται
1278 1071 1300 1123 f>

231 1180 300 1269 πάρ
324 1181 459 1270 κόρακος
482 1187 584 1272 πέτρῃ
607 1183 663 1248 ἐπί
686 1208 720 1248 τε
742 1181 839 1272 κρήνῃ
857 1180 1040 1271 Ἀρεθούσῃ.

121 1309 255 1372 uerbum
280 1309 362 1373 enim
378 1310 551 1390 ‘nepotatur'
569 1309 608 1373 de
624 1309 681 1391 his,
705 1309 759 1390 qni
774 1309 931 1391 gregatim
948 1316 1128 1392 pascuntur,
1151 1329 1240 1373 usur-

84 1441 110 1490 2.
121 1441 226 1517 patur.
263 1437 292 1500 2.
311 1433 403 1510 Quod
422 1453 498 1498 uero
522 1435 574 1498 lex
590 1434 635 1498 ait
652 1434 811 1498 »iniuria
834 1433 1039 1498 occiderit«
1055 1433 1101 1496 ita
1116 1433 1238 1498 intelle-

123 1579 245 1642 gemus,
280 1568 314 1623 ut
341 1560 424 1624 sine
451 1559 533 1624 iure
562 1559 720 1624 occiderit.
775 1559 882 1639 itaque
911 1559 938 1623 si
966 1578 1028 1623 non
1057 1557 1239 1622 contraius

123 1685 240 1749 caedes
256 1685 341 1748 faeta
357 1691 413 1766 est,
437 1691 527 1749 extra
543 1684 716 1768 perieulum
732 1691 780 1748 est
796 1684 849 1764 qui
865 1683 1023 1764 occiderit,
1047 1702 1149 1762 neque
1168 1682 1239 1746 huie
1260 1697 1302 1747 10⁶

122 1809 190 1891 legi
212 1810 300 1874 loeus
323 1810 376 1884 fit,
400 1817 431 1873 et
454 1809 561 1890 itaque
585 1810 613 1874 si
635 1829 759 1874 seruum
783 1815 869 1872 tuum
892 1809 1047 1872 latronem
1071 1807 1240 1872 occiderim

122 1935 197 2016 lege
222 1934 341 2014 aquilia
363 1955 424 1998 non
448 1935 592 2016 tenebor;
621 1935 728 2016 utique
757 1933 784 1998 si
810 1934 942 1998 inlatum
965 1933 1041 1996 mihi
1067 1933 1240 2016 perieulum

123 2078 189 2123 non
217 2059 308 2123 aliter
335 2059 474 2142 effugere
503 2060 672 2142 potuerim,
704 2081 797 2140 quam
825 2059 883 2123 tali
910 2059 1039 2122 uulnere
1069 2079 1088 2122 a
1115 2077 1165 2120 me
1194 2057 1241 2121 illi

123 2184 232 2248 inlato.
277 2184 415 2265 namsi,
445 2204 514 2248 eum
538 2183 677 2267 effugere
703 2203 843 2266 possem,
870 2183 958 2247 illum
981 2183 1096 2264 oceidi,
1122 2183 1241 2263 aquilia

84 2323 111 2373 3.
121 2309 264 2372 tenebor.
298 2313 326 2371 3.
350 2309 395 2372 Ae
411 2329 451 2372 ne
467 2308 494 2372 is
510 2308 636 2389 quidem
652 2309 772 2390 aquilia
795 2315 927 2390 tenetur,
953 2309 1006 2388 qui
1023 2327 1099 2371 nasu
1115 2307 1238 2388 oceidit,
1261 2320 1301 2370 151

123 2432 269 2497 simodo
293 2432 380 2496 nulla
403 2433 497 2516 eulpa
518 2433 603 2497 fanto
627 2433 774 2498 adcessit.
809 2454 872 2498 non
896 2433 997 2496 minus
1018 2433 1100 2496 enim
1125 2431 1177 2512 qui
1201 2452 1240 2496 ex

83 2572 111 2622 4.
123 2557 220 2641 eulpa
243 2578 337 2638 qnam
360 2558 413 2639 qui
437 2578 477 2622 ex
501 2558 572 2622 dolo
598 2558 748 2622 occiderit
771 2559 843 2640 lege
866 2558 1000 2640 punitur.
1040 2563 1069 2622 4.
1085 2559 1196 2639 Itaque
1213 2557 1240 2622 si

123 2683 206 2763 quis,
231 2683 303 2746 dum
326 2683 438 2747 lanulis
462 2683 541 2748 ludit
564 2683 617 2748 uel
640 2684 844 2764 exercitatur,
872 2689 1086 2747 transeuntem
1115 2702 1240 2761 seruum

122 2815 211 2871 tunm
233 2809 357 2873 traiecit
380 2808 567 2890 occiditque,
592 2809 620 2872 si
643 2808 768 2891 quidem
791 2808 882 2872 miles
905 2807 964 2872 fnit
986 2807 1088 2889 quiid
1110 2807 1185 2872 feeit
1208 2807 1241 2871 in

123 2953 237 3015 eampo
261 2952 341 2998 eene
363 2934 444 3015 loeo,
468 2933 523 2996 ubi
545 2933 661 2998 milites
685 2953 756 2998 sese
780 2933 955 2998 exercitare
979 2933 1094 3014 solent,
1118 2932 1240 2996 oenisor
1259 2946 1303 2998 νου

122 3077 188 3122 non
211 3063 346 3122 tenetur:
376 3058 425 3122 sin
453 3065 557 3123 autem
580 3079 724 3141 paganus
748 3059 807 3123 fnit
831 3078 930 3139 eoque
954 3058 987 3121 in
1014 3059 1084 3123 loeo
1114 3057 1238 3138 oceidit,

123 3203 194 3247 eum
218 3203 281 3247 non
304 3183 427 3247 soleant
449 3183 569 3266 pagani
591 3183 623 3246 in
648 3183 743 3247 armis
767 3183 950 3264 exercitari,
974 3183 1095 3263 aquilia
1117 3181 1240 3248 oeeisor

122 3307 289 3372 tenebitur.
335 3307 419 3372 idem
442 3307 519 3372 inris
543 3327 613 3372 esse
637 3308 769 3372 dicimus
793 3307 833 3372 de
856 3308 955 3372 milite
986 3327 1124 3390 quoque,
1153 3307 1180 3372 si
1207 3307 1240 3370 in

123 3451 163 3497 eo
192 3432 277 3513 loeo,
306 3433 362 3497 ubi
388 3432 504 3496 milites
534 3451 605 3496 sese
633 3432 808 3498 exercitare
836 3453 900 3498 non
928 3433 1043 3512 solent,
1072 3433 1136 3495 tale
1165 3430 1241 3513 quid

215 3661 332 3726 1)H0m.
357 3661 443 3730 Odys.
462 3664 503 3730 13,
528 3664 579 3716 407
600 3677 654 3730 sq.:
681 3663 764 3716 latine
787 3663 998 3730 interpretamur
1022 3663 1073 3715 sie:
1102 3663 1240 3728 „inuenies

122 3766 186 3804 eum
205 3749 346 3808 sedentem
365 3749 438 3818 apud
458 3766 535 3819 sues,
558 3765 628 3819 quae
651 3755 840 3820 pascuntur
859 3750 894 3804 ad
911 3749 1023 3804 Coraeis
1043 3751 1142 3804 cliuum
1160 3755 1188 3804 et
1206 3749 1240 3803 ad

121 3840 228 3894 fontem
247 3839 440 3893 Arethusam“.
