3154 5338
572 363 804 428 -293-

129 549 233 613 haberi
255 557 311 614 aut
333 549 425 615 simul
448 569 517 616 cnm
530 551 578 616 'iis
601 552 707 617 uocari
729 553 783 634 qui
800 551 932 618 eundem
949 531 1090 633 optinent
1105 555 1247 634 gradum,

128 667 271 747 quotiens
294 685 394 749 neque
416 688 493 758 snus
515 671 642 750 quidam
665 672 756 736 heres
779 679 873 750 extet,
897 691 954 738 nec
977 675 1029 756 qui
1053 675 1103 738 sui
1126 666 1248 741 heredis

128 787 227 852 locum
250 790 399 869 optineat,
417 795 525 889 'neque
544 791 714 874 adgnatus:
737 793 767 856 hi
792 795 872 858 enim
895 792 1034 875 potiores
1049 795 1250 860 habebuntur

127 910 156 972 in
178 909 386 975 successione.
431 911 516 976 Haec
538 931 614 978 uero
637 913 777 994 dicimus,
799 917 936 996 exceptis
959 914 1058 980 fratre
1089 923 1121 981 et
1143 933 1250 980 sorore

128 1030 338 1110 emancipatis.
387 1029 539 1096 eiusmodi
566 1033 646 1096 enim
674 1051 826 1112 personae
855 1039 982 1115 propter
1012 1033 1124 1115 capitis
1155 1036 1283 1100 demi-⁵
1344 1029 1345 1032 ’

128 1149 286 1214 nutionem
308 1149 339 1212 in
363 1152 558 1216 successione
581 1151 800 1217 detrimentum
824 1172 884 1218 non
907 1154 1082 1234 patientur,
1112 1161 1160 1218 set
1187 1173 1250 1219 om·
1370 1130 1373 1136 ¹

128 1267 218 1334 nibus
242 1271 386 1351 adgnatis
408 1269 470 1334 111¹
490 1271 541 1336 uel
564 1269 641 1335 ΙΙΙΙί
659 1274 709 1337 uel
731 1273 889 1339 ulterioris
911 1275 1028 1356 gradus
1050 1265 1272 1339 habebuntur¹

128 1389 275 1469 potiores,
300 1391 391 1456 sicuti
418 1393 617 1457 anastasiana
646 1392 735 1458 iubet
764 1393 954 1458 constitutio.
1004 1390 1112 1474 itaque
1144 1393 1249 1474 paullo

127 1510 266 1576 anterius
290 1510 423 1576 diximus
449 1512 716 1598 »plerumque«
743 1519 871 1595 propter
893 1514 1103 1596 emancipatos
1120 1513 1247 1578 iratres:

126 1636 156 1699 hi
179 1637 264 1701 enim
287 1638 430 1718 quamuis
453 1634 646 1718 cognationis
669 1635 739 1698 iura
761 1634 976 1698 tantummodo
999 1633 1173 1714 antiquitus
1197 1631 1249 1696 ha·
1270 1629 1301 1681 10

128 1757 261 1835 tuerint,
285 1757 426 1838 praefata
448 1757 669 1822 constitutione
691 1753 922 1836 praeferuntur.

588 2046 791 2056 *-

337 2367 383 2432 De
406 2368 601 2432 successione
623 2367 815 2430 libertorum.
860 2365 983 2430 Titulus
1007 2366 1034 2425 7.

210 2555 300 2619 Haec
322 2561 415 2618 antea
436 2560 600 2633 perspecta
629 2553 754 2617 habeas.
805 2552 948 2632 cognatio
979 2566 1090 2614 nomen
1121 2557 1169 2614 est
1199 2569 1250 2632 ge·

128 2675 244 2751 nerale,
273 2671 489 2755 complectitur
515 2678 619 2737 autem
648 2679 810 2753 parentes,
839 2671 954 2734 liberos
985 2678 1017 2733 et
1047 2688 1100 2734 eos
1130 2671 1182 2750 qui
1213 2689 1250 2734 ex

127 2801 311 2858 transuerso
333 2793 457 2874 cognati
480 2800 562 2856 sunt.
608 2800 656 2856 set
678 2792 738 2855 hae
760 2797 824 2854 tres
847 2788 1053 2880 successionis
1069 2791 1187 2868 species
1210 2789 1249 2852 ad

126 2914 280 2996 ingenuos
303 2921 425 2976 tantum
447 2913 634 2988 referuntur,
657 2913 687 2975 in
710 2911 830 2976 libertis
853 2929 928 2974 uero
951 2909 1177 2974 adscendentes
1200 2926 1249 2971 ue·
1271 2925 1302 2974 rs

127 3041 210 3098 teres
246 3051 308 3097 non
342 3045 511 3097 nonerunt:
542 3032 696 3111 quomodo
725 3031 806 3094 enim
837 3050 906 3095 cum
935 3030 967 3094 in
997 3030 1149 3094 seruitute
1182 3045 1252 3108 pro-

128 3153 226 3217 creati
256 3152 339 3216 sint?
380 3171 480 3234 neque
514 3171 533 3215 a
566 3153 666 3216 latere
702 3159 865 3232 cognatos,
903 3152 957 3231 qui
992 3150 1072 3214 enim
1104 3155 1250 3228 parentes

128 3291 189 3336 non
220 3273 331 3350 habet,
360 3291 397 3336 ex
426 3279 606 3336 transuerso
635 3279 784 3352 cognatos
813 3270 928 3335 habere
961 3267 1086 3348 nequit3
1124 3287 1161 3332 ex
1189 3263 1252 3330 illis

130 3393 210 3456 enim
235 3392 258 3454 ii
281 3391 502 3471 suscipiuntur.
547 3390 642 3456 solam
666 3399 771 3455 antem
801 3390 918 3454 habent
944 3389 1113 3453 liberorum
1143 3407 1251 3468 cogna-

129 3513 257 3584 tionem,
280 3529 387 3576 eorum
417 3531 527 3592 nempe
556 3512 608 3591 qui
638 3518 709 3592 post
739 3511 1010 3574 manumissionem
1039 3510 1084 3572 eis
1113 3508 1252 3586 concepti
1270 3531 1303 3581 20

130 3649 165 3696 ac
187 3633 257 3695 nati
280 3639 362 3694 sunt.
407 3650 475 3696 cum
498 3631 574 3695 haec
596 3639 760 3712 perspecta
783 3631 913 3705 habeas,
941 3647 978 3692 en
1007 3625 1090 3710 quod
1113 3626 1184 3692 inde
1207 3645 1252 3690 se·

1402 5185 1404 5194 t

20 4948 1424 5294 m

834 5273 857 5293 ’.ι
1171 5290 1173 5293 .
