3298 5322
557 368 799 431 -419—

119 541 292 606 bonafide
322 542 529 624 possederam
562 546 593 605 et
626 541 757 605 fortuitu
792 540 959 604 amiseram
993 540 1237 622 possessionem,

119 665 241 728 inuenit
272 670 401 747 praetor
423 665 455 728 in
478 685 545 728 rem
569 665 739 745 actionem,
768 664 801 728 in
829 683 893 744 qua
919 664 965 727 ita
988 662 1107 728 dioam:
1132 665 1240 744 ‘quod

118 789 214 852 haue
230 809 308 852 rem
325 809 370 852 ex
388 789 492 853 iusta
505 809 639 870 eausa,
657 788 778 852 ueluti
798 787 1001 870 emptionis
1022 787 1239 852 donationis

118 913 235 994 dotis,
259 913 459 976 bonafide
483 913 744 996 possidebam,
781 913 958 976 ourrebat
992 918 1115 975 autem
1149 911 1241 975 milri

119 1037 306 1119 usucapio
331 1057 373 1101 aa
397 1037 520 1101 medio
549 1042 733 1119 tempore,
763 1041 962 1117 antequam
989 1035 1239 1118 usuoeperim,
1277 1051 1293 1102 5

119 1161 364 1243 possessione
390 1161 528 1225 exoidi:
555 1160 587 1224 si
609 1180 685 1224 rem
708 1159 983 1243 usuoepissem,
1011 1166 1088 1223 tum
1112 1160 1144 1224 si
1166 1179 1241 1224 rem

118 1305 239 1348 meam
263 1305 349 1349 esse
375 1287 594 1368 oporteret’.
636 1285 716 1348 haee
734 1284 817 1348 aetio
834 1284 871 1347 in
893 1304 971 1347 rem
996 1283 1239 1366 ‘publioiana'

121 1409 316 1492 appellatum
351 1409 500 1490 quoniam
530 1409 648 1492 primus
671 1408 833 1472 Publioius
860 1414 987 1490 praetor
1015 1427 1086 1472 eam
1113 1407 1241 1471 inuenit.

83 1545 107 1596 5.
120 1536 152 1598 5.
175 1533 296 1597 Rursus
320 1553 360 1597 ex
390 1533 516 1597 diuerso
545 1533 578 1595 in
600 1552 667 1596 rem
695 1531 873 1596 intenditur.
918 1552 992 1595 nam
1021 1531 1048 1595 si
1076 1531 1145 1611 quis
1174 1550 1242 1594 rem

121 1677 227 1720 meam
243 1657 405 1721 bonafide
421 1657 585 1740 possideat
609 1663 640 1721 et
664 1657 777 1720 deinde
792 1655 987 1739 reipublicae
1007 1675 1105 1718 eausa
1129 1655 1242 1718 abesse
1261 1670 1295 1722 10

124 1781 281 1863 eoeperit,
305 1781 406 1846 ueluti
428 1781 588 1863 legatione
611 1782 759 1863 fungens,
787 1781 840 1844 uel
862 1780 895 1843 iu
922 1779 1058 1843 hostium
1085 1785 1242 1862 potestate

120 1905 230 1987 luerit,
261 1911 356 1986 atque
386 1905 524 1987 interim,
555 1906 629 1968 dum
657 1905 710 1968 ille
739 1906 831 1968 abest
861 1910 915 1968 aut
938 1904 1023 1986 apud
1052 1903 1159 1968 hostes
1183 1910 1240 1985 est,

123 2029 328 2112 usuoapionis
355 2035 479 2112 tempus
507 2029 689 2112 impleatur,
721 2034 753 2092 et
780 2027 929 2110 deinoeps
957 2003 1135 2092 reuertatur
1163 2027 1243 2092 alter

123 2172 164 2216 ex
190 2153 461 2235 peregrinatione,
496 2154 576 2217 alter
607 2154 648 2216 ab
675 2152 833 2233 hostibus,
868 2151 977 2216 lioebit
1008 2151 1084 2214 mihi
1117 2151 1242 2216 domiuo

122 2275 207 2340 intra
235 2297 350 2340 annum
382 2283 455 2360 post
487 2277 635 2359 reditum,
669 2277 806 2341 reseissa
837 2276 1045 2359 usucapione,
1079 2295 1147 2340 rem
1175 2275 1295 2341 uin-15

125 2400 241 2464 dioare.
303 2399 373 2465 dieo
409 2401 505 2465 enim:
550 2401 591 2464 ‘si
636 2401 886 2465 aduersarius
931 2420 1008 2464 rem
1049 2419 1121 2462 non
1158 2419 1243 2462 usu-

124 2525 307 2607 oepisset,
342 2531 429 2589 tuno
458 2525 490 2589 si
523 2545 598 2589 rem
629 2545 745 2589 meam
774 2544 857 2589 esse
890 2523 1105 2606 oporteret'.
1161 2521 1243 2586 eius-

123 2648 210 2711 modi
234 2654 337 2712 autem
361 2669 460 2732 genus
484 2649 517 2714 iu
540 2669 606 2713 rem
622 2649 756 2714 aetionis
773 2655 804 2712 et
820 2648 891 2712 aliis
908 2646 1094 2728 quibusdam
1117 2650 1244 2728 praetor

125 2771 221 2835 simili
245 2773 405 2853 aequitate
428 2779 531 2838 motus
552 2773 781 2854 aooomodauit,
807 2773 898 2836 siouti
919 2791 958 2835 ex
973 2770 1139 2834 latioribus
1155 2769 1244 2833 libris
