3164 5338
517 401 759 464 -371-

174 682 221 747 De
246 643 492 765 obligationibus
516 683 607 763 quasi
631 703 670 748 ex
694 686 864 747 eontraotu.
909 681 1031 745 Titulus
1055 684 1106 748 27.

173 842 248 907 Cum
283 843 322 907 de
358 843 607 926 obligationibus
643 843 827 918 dixerimus,
864 862 945 922 quae
981 863 1001 906 a
1033 847 1196 906 eontraotu

90 967 233 1050 originem
257 967 386 1050 ducunt,
417 975 561 1052 superest
583 974 617 1032 ut
641 967 679 1032 de
707 966 953 1049 obligationibus
982 966 1194 1049 dirpioiamus,
1297 1013 1299 1017 -

89 1112 161 1172 quae
176 1113 239 1157 non
255 1093 382 1176 proprie
398 1111 438 1157 ex
454 1093 666 1158 eontraotibus
688 1091 890 1172 deseendunt,
915 1095 964 1155 set
981 1096 1096 1172 tamen,
1122 1089 1197 1170 quia

87 1236 144 1280 non
166 1236 205 1281 ex
220 1217 374 1282 malefioio
399 1217 609 1282 substantiam
631 1217 769 1299 oapiunt,
794 1187 906 1296 quasi
929 1235 972 1279 ex
996 1219 1195 1279 oontraotu

60 1342 166 1406 anasei
189 1341 343 1406 uidentur.
382 1345 408 1407 1.
431 1341 532 1424 Igitur
556 1341 584 1405 si
604 1341 683 1422 quis,
709 1360 778 1405 oum
794 1341 949 1421 abessem,
973 1358 1045 1402 mea
1061 1337 1196 1421 gesserit
1232 1354 1248 1404 o

85 1467 215 1548 negotia,
240 1467 322 1530 inter
344 1486 403 1530 nos
427 1466 568 1532 actiones
592 1466 674 1530 ultro
699 1465 839 1546 nitroque
859 1469 1040 1544 naseuntur,
1066 1461 1195 1528 etmihi

86 1590 204 1669 quidem
237 1610 342 1654 rerum
379 1590 506 1655 domino
541 1590 634 1655 datur
668 1590 751 1654 aetio
785 1589 905 1654 direota
941 1587 1195 1670 »negotiorum

85 1721 297 1796 gestorum«,
322 1715 520 1798 negotiorum
544 1721 651 1780 autem
673 1714 793 1796 gastori
819 1712 986 1778 contraria.
1032 1712 1089 1776 has
1118 1730 1194 1776 uero

85 1857 119 1902 ex
140 1839 227 1904 nullo
251 1845 416 1904 eontraotu
442 1839 569 1923 proprie
599 1839 688 1904 nasei
719 1838 920 1902 manifestum
952 1843 1014 1917 est,
1046 1835 1194 1918 quoniam

83 1969 150 2027 tuno
173 1951 360 2044 naseuntur,
389 1983 460 2029 oum
484 1963 551 2028 sine
574 1963 723 2028 mandato
748 1963 860 2026 alienis
885 1961 1022 2044 negotiis
1046 1959 1193 2042 gerendis
1215 1975 1248 2026 ιο

84 2087 211 2170 quisque
235 2109 269 2153 se
293 2089 450 2172 optulerit.
497 2108 536 2153 ex
560 2109 623 2169 qua
647 2109 745 2152 eausa
766 2107 871 2152 rerum
892 2093 1052 2168 gestarum
1075 2083 1194 2149 domini

82 2213 172 2275 etiam
196 2211 379 2294 ignorantes
407 2213 595 2296 obligantur,
625 2212 768 2293 quamuis
796 2232 835 2276 ex
863 2211 1074 2276 eontraotibus
1101 2229 1192 2274 nemo

82 2335 228 2418 ignorans
261 2344 393 2402 tenetur.
446 2337 541 2418 idque
574 2343 735 2420 reoeptum
771 2343 819 2402 est
852 2341 981 2418 propter
1016 2334 1193 2400 absentium

81 2461 257 2542 utilitatem,
290 2461 344 2542 qui
368 2461 516 2528 eontinuo
541 2467 572 2526 et
594 2461 780 2526 festinanter
802 2459 959 2543 profioisoi
982 2459 1093 2540 eoacti,
1122 2478 1192 2523 oum

81 2586 193 2650 nemini
216 2586 376 2669 potuerint
397 2606 502 2650 rerum
526 2606 653 2650 tuarum
670 2585 971 2650 administrationem
991 2583 1191 2664 demandare,
1203 2595 1245 2654 ,15

80 2729 211 2792 peregre
233 2711 366 2794 profesti
389 2718 469 2776 sunt.
504 2711 623 2776 utilitas
640 2717 745 2775 autem
760 2709 833 2774 inde
850 2715 907 2790 est,
932 2708 1017 2788 quod
1033 2708 1100 2772 sine
1117 2727 1193 2772 eura

80 2835 205 2917 negotia
232 2855 295 2900 nou
328 2836 527 2901 deserantur:
556 2855 648 2899 nemo
677 2835 759 2899 enim
784 2854 823 2898 ea
848 2839 1013 2897 curaturus
1041 2838 1139 2913 esset,
1165 2831 1192 2896 si

79 2959 195 3024 nullam
219 2959 383 3026 habiturus
405 2966 489 3025 esset
515 2960 671 3025 sotionem
694 2959 733 3023 de
755 2979 807 3042 eo,
837 2958 921 3040 quod
939 2957 1144 3041 impendisset
1159 2956 1192 3020 in

80 3082 252 3149 alienorum
261 3085 461 3167 negotiorum
470 3085 623 3168 gestione.
647 3084 728 3149 siout
737 3090 842 3149 autem
852 3083 880 3148 is
891 3083 945 3166 qui
957 3082 1074 3148 utiliter
1086 3082 1192 3146 aliena

78 3209 212 3288 gesserit
226 3210 355 3292 negotia
379 3209 553 3292 obligatum
569 3210 665 3274 habet
687 3228 794 3274 eorum
819 3208 978 3273 dominum
1001 3207 1033 3272 in
1056 3207 1089 3271 id
1108 3206 1192 3287 quod
1211 3217 1246 3269 20

78 3330 238 3416 impendit,
263 3334 307 3398 ita
331 3341 363 3399 et
386 3339 495 3399 eontra
510 3333 578 3418 ipse
603 3341 711 3416 gestor
725 3340 849 3398 tenatur
864 3337 898 3397 ut
913 3331 1191 3397 administrationis
