3298 5322
582 356 821 419 —405—

146 551 222 596 uero
247 549 387 613 corpore,
411 530 495 594 utilis
518 529 599 612 legis
615 529 752 610 aquiliae
770 529 852 592 actio
877 529 975 591 datur.
1006 528 1117 592 ueluti:
1143 529 1170 592 si
1186 529 1255 609 quis

145 676 271 720 seruum
305 674 407 718 meum
442 673 578 736 pecusue
613 674 715 718 meum
743 652 863 718 tamdiu
896 652 1068 733 incluserit,
1105 659 1138 716 ut
1171 652 1255 716 fame

146 785 326 868 necaretur,
357 785 411 842 aut
439 779 607 842 iumentum
635 797 738 842 meum
765 783 829 842 tam
857 777 1056 840 uehementer
1080 777 1194 858 egerit,
1222 783 1256 840 ut

144 905 266 990 itineris
289 904 429 968 laborem
452 923 515 971 nou
538 903 633 966 ferret
657 922 693 966 ac
716 909 919 984 rumperetur,
945 908 998 965 aut
1021 901 1049 964 si
1072 902 1140 981 quis
1165 921 1255 966 ouem

145 1049 249 1096 meam
271 1029 323 1092 uel
348 1031 459 1096 bouem
483 1046 585 1092 meum
608 1027 641 1090 iu
664 1033 782 1102 tautum
806 1026 1023 1108 exagitauerit,
1046 1032 1080 1090 ut
1103 1045 1256 1110 praeceps
1293 1041 1308 1091 5
1392 1101 1393 1108 ἵ

143 1154 270 1234 fugeret
294 1157 387 1232 atque
411 1150 528 1234 periret
551 1151 602 1216 uel
625 1151 811 1231 laederetur,
832 1157 890 1213 aut
906 1170 1029 1214 seruum
1053 1150 1198 1230 alienum,
1223 1154 1257 1212 ut

146 1276 178 1339 iu
202 1278 346 1340 arborem
369 1275 562 1356 ascenderet,
586 1274 778 1358 persuaserit
800 1274 852 1338 uel
874 1281 908 1338 ut
930 1274 962 1337 iu
985 1279 1111 1356 puteum
1127 1273 1255 1338 descen-

146 1401 244 1480 deret,
269 1401 367 1484 probe
384 1399 486 1463 sciens
503 1399 712 1482 periculosum
729 1418 891 1488 ascensum
908 1399 959 1461 uel
975 1398 1158 1462 descensum
1174 1417 1254 1478 esse,

147 1531 179 1588 et
207 1543 315 1587 seruus
344 1523 544 1588 ascendendo
572 1523 624 1586 uel
653 1522 869 1586 descendendo
898 1523 1005 1604 lapsus
1034 1529 1088 1584 aut
1117 1525 1255 1584 mortuus
1346 1519 1351 1526 ’

147 1649 188 1714 sit
215 1655 269 1712 aut
298 1655 381 1712 certe
410 1648 516 1728 aliqua
544 1653 634 1730 parte
663 1647 802 1730 corporis
830 1647 943 1710 laesus
994 1645 1068 1730 quid
1097 1652 1200 1708 autem
1229 1645 1256 1708 si
1276 1660 1309 1710 10

148 1773 217 1854 quis
241 1793 365 1836 seruum
390 1772 526 1836 alienum
550 1771 588 1836 de
617 1778 712 1854 poute
736 1778 791 1834 aut
812 1771 883 1853 ripa
905 1771 937 1834 iu
959 1771 1073 1834 tlumen
1097 1769 1254 1848 deiecerit,

147 1898 235 1976 isque
260 1917 344 1976 aqua
367 1895 530 1970 immersus
555 1895 724 1960 suffocatus
748 1895 808 1958 sit?
841 1895 991 1960 directam
1014 1893 1094 1975 legis
1118 1893 1255 1973 aquiliae

147 2021 303 2084 actionem
327 2019 395 2082 dari
419 2025 550 2101 oportet,
575 2039 648 2082 uam
671 2019 724 2098 qui
747 2038 871 2082 seruum
893 2018 1025 2101 proiecit
1048 2037 1103 2081 suo
1125 2035 1255 2099 corpore

148 2165 218 2208 eum
241 2144 374 2208 ueoauit.
413 2149 460 2206 set
477 2143 581 2206 sinon
605 2163 736 2226 corpore
753 2143 822 2222 quis
838 2143 983 2206 damnum
1000 2142 1130 2222 dederit,
1154 2161 1255 2222 neque

148 2289 261 2352 corpus
277 2269 397 2331 laesum
414 2267 516 2346 fuerit,
543 2267 688 2330 damnum
705 2275 808 2330 autem
829 2267 956 2348 aliquod
974 2267 1089 2330 factum
1107 2273 1163 2347 est,
1187 2286 1255 2329 curu
1277 2281 1308 2331 15

147 2414 210 2471 nou
233 2393 367 2456 sui'ficiat
391 2391 509 2456 directa
533 2392 625 2472 actio,
651 2392 809 2472 quianon
832 2391 1126 2473 corporedamnum
1151 2390 1256 2452 datum

149 2523 206 2598 est,
230 2536 331 2598 neque
355 2516 453 2596 utilis,
479 2516 553 2596 quia
576 2535 633 2579 nec
658 2535 770 2598 corpus
794 2515 913 2578 laesum
937 2515 1008 2595 tirit,
1034 2515 1152 2596 placuit
1175 2534 1254 2592 erum,

149 2641 203 2720 qui
238 2640 385 2704 damnum
421 2640 555 2719 dederit,
592 2640 715 2704 actione
743 2640 774 2702 iu
802 2639 919 2705 factum
947 2638 1054 2704 teneri.
1105 2637 1202 2702 ueluti
1230 2638 1257 2712 si

149 2784 273 2828 seruum
307 2784 409 2826 meum
445 2771 552 2846 utpote
592 2765 674 2826 male
709 2770 867 2828 uersatum
902 2763 933 2825 iu
966 2763 1092 2826 uincula
1125 2761 1254 2839 conieci,

149 2895 180 2952 et
204 2887 284 2951 alius
306 2887 523 2951 misericordia
540 2888 658 2966 ductus,
684 2888 785 2951 sciens
801 2887 887 2950 illum
904 2907 1077 2967 euasurum,
1101 2885 1256 2967 compedi-
1276 2901 1310 2951 20

148 3021 213 3076 tum
237 3013 337 3076 soluit.
