3370 5350
610 376 842 442 -267-

167 571 213 632 tes
234 563 266 628 in
289 581 396 630 eorum
418 561 520 630 locum
543 564 722 643 succedant,
745 565 860 648 quibas
881 567 979 650 geniti
1001 572 1084 632 sunt.
1105 563 1185 636 Cum
1201 586 1288 649 nero,

166 689 201 748 ut
221 683 339 748 dictum
361 688 426 762 est,
454 689 578 750 mortuo
607 689 782 752 mortuone
800 683 883 751 tilius
912 683 1017 752 filiane
1047 688 1102 766 sit,
1133 694 1198 755 tum
1227 692 1286 756 uiri

164 807 292 884 nepotes
315 821 353 868 ex
374 802 535 882 feminino,
566 801 699 870 feminae
721 823 760 869 ex
779 806 948 870 masculino
968 807 1018 872 uei
1041 805 1189 875 feminino
1212 829 1288 876 sexu

166 921 389 989 descendentes
419 921 521 989 minus
546 926 673 990 tertiam
702 924 856 1005 accipient
882 930 1018 1008 partem,
1057 946 1150 1010 quam
1180 948 1288 996 eorum

164 1052 309 1129 parentes
331 1047 491 1130 accepturi
513 1047 624 1114 forent.
670 1048 698 1114 si
720 1067 796 1115 uero
827 1067 897 1114 cum
926 1049 1051 1132 agnatis
1074 1055 1196 1114 tantum
1219 1069 1288 1116 con·
1321 1021 1340 1108 5

164 1172 300 1246 currant,
323 1168 504 1234 uniuersam
526 1168 679 1250 accipient
701 1167 958 1234 adscendentium
973 1169 1197 1236 hereditatem:
1220 1174 1290 1234 erat

163 1291 266 1350 autem
296 1285 370 1351 olim
399 1287 582 1354 constitutio
612 1307 693 1371 qnae
722 1289 873 1355 eiusmodi
905 1290 1070 1372 nepotibus
1104 1287 1289 1354 dodrantem

122 1417 154 1468 rs.
165 1405 269 1484 dabat,
294 1409 418 1488 agnatis
445 1427 522 1474 uero
551 1409 768 1488 quadrantem.
820 1410 869 1474 16.
903 1408 1064 1475 Posterius
1092 1414 1197 1474 autem
1224 1407 1289 1472 lata

164 1529 211 1590 est
232 1527 415 1592 constitutio
438 1529 591 1608 superiori
613 1529 777 1594 obscurius
799 1529 949 1609 aduersa3
972 1531 1081 1594 noster
1103 1546 1178 1592 uero
1192 1526 1290 1609 impe·
1353 1579 1355 1582 .

164 1651 248 1710 rator
269 1645 351 1712 hanc
374 1666 411 1714 ex
433 1647 624 1714 obscuritate
647 1654 748 1713 ortam
771 1648 997 1715 dubitationem
1012 1648 1135 1727 tollens,
1157 1647 1288 1712 aiteram
1308 1659 1340 1711 10

165 1782 255 1846 quam
279 1764 415 1832 diximus
438 1766 689 1834 constitutionem
713 1743 826 1836 in'sno
849 1768 955 1834 codice
977 1768 1072 1832 scribi
1093 1785 1154 1832 non
1177 1765 1289 1849 permi‘

164 1885 213 1962 sit,
236 1885 340 1967 neque
362 1905 471 1953 cama
498 1886 702 1954 theodosiano
731 1887 837 1954 codice
863 1887 1046 1956 translatam
1072 1887 1104 1952 in
1129 1906 1165 1954 eo
1193 1885 1290 1952 inseri

163 2021 273 2084 passus
298 2011 357 2070 est.
400 2005 501 2070 edidit
523 2025 600 2072 uero
621 2007 798 2089 generalem
822 2013 854 2074 et
876 2007 1079 2073 clarissimam
1096 2003 1291 2072 constitutio·

164 2141 231 2188 nem
255 2142 340 2206 quae
361 2125 523 2190 dodrantis
547 2133 579 2190 et
593 2126 776 2206 quadrantis
793 2127 979 2192 diuisionem
995 2125 1142 2200 auferret,
1165 2125 1289 2190 omnino

164 2247 266 2308 numm
297 2243 451 2308 eiusmodi
481 2249 610 2326 nepotes
644 2250 677 2312 et
705 2249 892 2328 pronepotes
925 2245 1069 2327 adgnatis
1102 2243 1288 2326 praeferret:
1309 2252 1341 2303 15

164 2361 335 2426 absurdum
359 2364 441 2427 enim
464 2363 517 2446 qui
541 2383 579 2428 ex
601 2372 783 2432 transuersa
804 2365 888 2430 linea
916 2365 1047 2430 ueniunt
1074 2363 1213 2447 potiores
1239 2359 1292 2428 his

163 2483 279 2561 haberi,
305 2483 358 2566 qui
387 2491 472 2550 recto
502 2485 569 2549 iure
597 2485 800 2551 descendunt.
850 2485 991 2552 breuiter
1016 2492 1121 2550 autem
1151 2490 1183 2550 et
1208 2502 1289 2550 nunc

164 2604 275 2668 statuit
302 2604 431 2668 eandem
455 2605 708 2672 constitutionem
730 2605 872 2685 optinere
895 2607 1066 2671 secundnm
1089 2623 1169 2687 ques
1198 2605 1229 2668 in
1252 2623 1289 2668 ea

164 2725 379 2798 continentur,
401 2740 563 2806 quaequae
586 2727 618 2788 in
648 2745 685 2790 ea
715 2725 878 2806 designata
906 2733 981 2792 sunt
1009 2734 1160 2806 tempora.
1209 2724 1290 2788 sicut

164 2859 237 2908 uero
260 2861 359 2924 supra
381 2844 524 2922 diximus,
547 2845 573 2908 si
597 2845 667 2924 quis
688 2851 832 2910 mortuus
853 2845 948 2911 fuerit
969 2845 1067 2911 filium
1090 2851 1123 2911 et
1144 2848 1289 2926 nepotem
1306 2854 1341 2906 uo

164 2967 193 3028 et
215 2967 343 3044 neptem
366 2981 403 3028 ex
425 2969 626 3046 praemortuo
648 2963 711 3029 tilio
733 2965 922 3044 relinquens,
945 2966 976 3030 in
997 2964 1127 3047 stirpem
1150 2983 1187 3028 ex
1201 2981 1290 3044 prae-

164 3088 288 3147 mortuo
311 3081 375 3148 filio
394 3091 526 3166 nepotes
547 3083 654 3150 uocari
677 3089 710 3150 et
731 3104 792 3151 non
814 3086 846 3149 in
869 3086 982 3167 capita,
1005 3084 1051 3149 ita
1074 3089 1106 3150 et
1120 3083 1147 3148 si
1162 3081 1211 3148 nir
1226 3101 1288 3147 mo·

165 3200 264 3266 matur
286 3201 387 3298 tilium
411 3209 443 3268 et
464 3211 594 3286 nepotes
617 3223 654 3269 ex
676 3199 740 3268 filia
754 3209 955 3294 praemortua
971 3195 1294 3288 relinquens'omnes'

164 3327 294 3403 nepotes
317 3321 349 3385 in
372 3321 502 3402 stirpem
525 3327 679 3388 uocantur
700 3323 801 3388 minus
824 3331 968 3405 quartam
991 3330 1113 3406 partem
1136 3321 1291 3404 accipien-
