3298 5322
555 351 795 426 -415„

115 525 217 588 modis
241 524 371 588 intentio
399 523 467 588 ficri
489 529 602 607 potest.
647 531 703 588 aut
731 545 800 588 cunr
829 544 866 588 eo
896 524 1033 606 agimus,
1061 523 1114 604 qui
1141 523 1232 588 nobis

115 649 276 732 obligatus
300 668 364 712 non
387 656 448 730 est3
485 653 533 713 set
560 647 598 714 de
628 649 735 730 aliqua
763 669 796 714 rc
826 649 994 732 corporali,
1030 668 1110 729 quae
1134 667 1232 732 panes

116 793 188 838 eum
213 779 269 855 cst,
293 773 323 837 ci
346 774 591 838 controuersiam
614 793 784 838 monemus.
824 793 884 866 quo
907 794 983 838 casu
1000 773 1082 838 actio
1099 773 1136 836 in
1158 792 1233 836 rorn

114 898 241 981 prodita
264 902 319 962 cst.
354 918 428 961 nam
452 897 479 961 si
501 897 631 961 fundum
655 898 706 962 ucl
729 861 885 962 hominlm
901 897 1076 981 possideas,
1101 916 1232 979 quorum

115 1042 166 1087 mc
191 1042 251 1104 ogo
268 1021 427 1086 dominum
444 1041 514 1086 esse
531 1021 727 1102 contendam,
753 1029 783 1086 et
798 1029 833 1086 tu
850 1022 960 1086 cadem
977 1021 1075 1102 diosc,
1099 1021 1233 1104 teipsum
1271 1039 1285 1089 5

115 1147 275 1212 dominnm
299 1166 369 1211 essc
393 1146 574 1229 adfirmans,
606 1148 645 1212 in
672 1167 747 1211 rem
774 1153 878 1212 tecum
901 1168 1010 1229 agam,
1039 1146 1088 1210 his
1111 1145 1232 1224 uerbis:

116 1271 160 1335 ‘si
183 1278 291 1353 paret
318 1291 394 1335 rcrn
424 1290 541 1335 mcum
572 1291 671 1353 esse,
703 1272 968 1336 aduersarium
1000 1271 1113 1336 iudex
1146 1289 1233 1334 con-

80 1395 267 1459 2.demna’.
314 1397 408 1462 2.1n
436 1415 510 1459 rcrn
540 1401 645 1460 autern
680 1415 776 1478 agere
811 1415 941 1479 possum
975 1402 1040 1460 tarn
1069 1395 1107 1458 dc
1137 1395 1232 1458 rebus

115 1519 343 1603 corporalibus,
367 1540 461 1600 qnam
478 1520 517 1584 dc
534 1520 794 1604 incorporalibus
820 1527 850 1584 ct
866 1521 933 1584 siue
951 1519 1141 1584 confessoris
1166 1518 1232 1582 sine

114 1645 289 1727 negatoria.
348 1650 379 1709 ct
413 1645 596 1728 corporales
628 1665 680 1708 res
716 1651 795 1727 sunt,
830 1645 928 1709 ueluti
960 1644 1076 1708 fundus
1111 1644 1300 1723 ‹10111us310x
1362 1616 1367 1625 .

114 1769 347 1851 incorporales
371 1769 469 1833 ueluti
493 1771 689 1834 ususfructus
718 1770 862 1834 seruitus.
909 1776 957 1834 sot
980 1769 1019 1832 dc
1047 1769 1142 1832 robus
1167 1787 1233 1832 cor·

115 1893 278 1976 pornlibus
303 1893 493 1958 confessor-ie
510 1899 630 1958 tantum
646 1914 742 1976 agero
758 1913 901 1977 possum3
927 1893 965 1957 dc
982 1891 1232 1976 incorporalibus

116 2023 222 2081 autem
250 2023 314 2082 tam
344 2018 546 2100 confessoris,
572 2039 666 2098 quarn
694 2019 866 2101 nugatorie.
916 2023 947 2082 et
974 2017 1165 2082 confessoris
1194 2015 1233 2080 dc

89 2191 92 2198 ,
115 2143 213 2206 rebus
237 2141 456 2224 corporalibus
480 2163 541 2224 ago
564 2143 610 2207 ita
633 2142 811 2208 intendens:
849 2143 890 2206 ‘si
917 2149 1027 2225 pa'rct
1050 2161 1129 2206 curn
1152 2139 1234 2203 fun·

116 2267 201 2330 durn
224 2286 340 2330 meum
365 2267 475 2331 essc’:
501 2268 692 2332 confessoris
714 2275 819 2332 autern
836 2267 874 2331 dc
898 2265 1158 2349 incorporalibus,
1182 2283 1234 2328 uc·
1255 2281 1300 2332 151

116 2391 175 2455 luti
193 2391 232 2456 dc
249 2392 411 2458 usufructu
429 2391 496 2456 sinc
513 2391 602 2455 fundi
619 2392 686 2456 siue
704 2392 840 2473 aedium,
864 2391 912 2455 his
929 2391 1048 2455 uerbis:
1067 2391 1110 2453 ‘si
1126 2395 1235 2472 paret

117 2536 162 2581 eo
178 2516 302 2580 fundo’
317 2518 369 2582 ual
386 2517 443 2581 ‘iis
460 2516 618 2581 aedibus
635 2516 768 2581 utendi
783 2516 935 2580 fruendi
950 2514 1108 2580 iusmihi
1125 2514 1233 2578 csse':

117 2643 158 2706 dc
188 2641 339 2706 seruitute
373 2640 575 2725 praediorum
609 2640 796 2705 rusticorum
824 2641 882 2705 hoc
910 2641 1019 2705 modo:
1051 2640 1093 2704 ‘si
1126 2646 1235 2723 parct

115 2765 209 2830 mihi
232 2765 291 2830 ins
315 2785 398 2830 osso
422 2765 663 2848 perfundam
686 2765 807 2830 uicini
835 2766 956 2830 eundi'
982 2766 1034 2830 ucl
1057 2765 1151 2831 ‘inde
1175 2785 1235 2829 ac-

117 2911 228 2972 quam
251 2890 440 2955 dnccndi':
460 2897 491 2954 et
512 2891 551 2954 dc
569 2890 720 2954 seruitute
739 2890 861 2972 praedii
876 2890 1001 2972 urbani,
1026 2891 1124 2955 ueluti
1147 2890 1174 2954 si
1190 2890 1236 2954 ita
1254 2906 1302 2958 202

116 3015 293 3080 intendam:
320 3017 387 3080 ‘ins
415 3016 505 3080 mihi
533 3035 617 3081 csse
646 3015 762 3080 sodes
785 3035 887 3080 meas
912 3015 1030 3080 altius
1052 3015 1234 3096 tollendi,

117 3148 173 3205 aut
198 3140 265 3205 ‘ius
300 3141 389 3205 mihi
424 3162 507 3206 csso
530 3141 567 3205 in
594 3150 678 3207 tuas
714 3143 828 3206 aedos
862 3142 1147 3226 prospiciendi’,
1182 3139 1235 3206 ucl
