3384 5314
641 425 681 433 -
729 390 793 452 489
833 423 880 466 s-

202 561 308 643 iundo,
333 570 459 646 agotum
485 565 512 628 si
536 564 659 645 quidem
684 565 751 629 sine
775 564 970 628 substantiae
994 564 1178 628 detrimento
1203 563 1316 628 fundus

202 687 383 768 regionibus
408 689 591 754 diuisionem
616 691 762 774 recipiat,
793 689 892 754 ueluti
916 689 943 753 si
967 689 1114 753 oliuetnm
1138 689 1316 752 uinetumue

202 813 376 894 contiueat,
400 821 504 898 potest
526 816 622 880 iudex
645 815 699 879 uni
723 815 871 879 oliuetum
895 814 1091 895 adiudicare,
1116 812 1208 878 alteri
1231 813 1316 877 uine-

201 942 274 1018 tum,
297 937 343 1002 ita
359 945 473 1020 tamen,
498 939 573 1003 ntis
591 940 643 1020 qui
659 939 877 1024 pretiosiorem
893 945 1015 1024 partem
1034 939 1199 1022 receperit,
1224 939 1316 1003 alteri

202 1062 234 1126 in
249 1063 403 1145 pecuniae
420 1084 571 1128 summam
588 1064 817 1130 condemnetur.
843 1064 870 1128 si
886 1083 962 1128 uero
977 1063 1010 1127 id
1026 1064 1228 1146 incongruum
1245 1083 1316 1128 esse
1353 1076 1368 1125 o

202 1186 355 1269 uideatur,
380 1195 435 1252 aut
458 1189 568 1272 sirco,
592 1190 631 1254 de
656 1209 718 1270 qua
740 1190 804 1254 tale
827 1189 977 1253 iudicium
994 1188 1095 1270 datur,
1120 1189 1212 1252 homo
1234 1189 1315 1252 forte
1354 1175 1360 1188 ’

202 1322 256 1376 aut
272 1313 373 1377 mulus
394 1313 444 1394 sit,
462 1333 513 1378 res
532 1319 597 1379 tota
614 1313 669 1378 uni
684 1313 897 1396 adiudicetur;
925 1313 972 1378 sic
988 1320 1103 1394 tamen,
1128 1320 1161 1376 ut
1176 1313 1203 1376 is
1223 1314 1315 1377 elteri

91 1507 93 1511 ,
165 1444 189 1492 6·
200 1438 231 1502 in
262 1445 379 1502 certam
408 1439 574 1520 pecuniam
603 1439 836 1504 condemnetur.
887 1443 917 1505 6.
943 1439 977 1502 Si
1011 1437 1142 1501 finium
1177 1458 1314 1520 regun-

200 1562 330 1628 dorum
346 1562 427 1627 inter
443 1564 595 1643 quosdam
612 1569 735 1645 agatur,
758 1563 913 1647 dispicere
930 1563 1024 1627 debet
1039 1563 1143 1644 iudex,
1166 1583 1207 1626 an
1222 1583 1313 1646 prce·

200 1688 280 1752 senti
308 1709 383 1752 casu
405 1688 596 1754 adiudicatio
624 1689 806 1752 necessaria
831 1687 878 1752 sit.
930 1707 1010 1767 quae
1043 1707 1119 1751 sane
1147 1659 1208 1750 uno
1237 1707 1313 1751 casu
1335 1697 1367 1746 to

199 1814 379 1878 necessaria
395 1813 468 1894 orit;
486 1814 606 1878 sienim
620 1813 919 1878 euidentioresfines
932 1813 1090 1894 quiagros
1108 1811 1311 1894 distinguant,

200 1937 294 2003 index
323 1959 439 2022 ponere
470 1945 621 2020 nequeat,
654 1939 693 2001 od
723 1938 790 2002 eius
817 1937 953 2022 pertinet
980 1937 1114 2001 officium
1144 1958 1183 2000 ox
1212 1937 1311 2000 altero

200 2083 344 2146 agrorum
361 2069 482 2147 partem
499 2063 602 2128 uicino
619 2063 811 2145 adiudicare,
836 2067 870 2126 ut
886 2069 988 2127 certos
1008 2062 1039 2126 in
1055 2062 1113 2126 hac
1130 2067 1219 2144 parte
1235 2062 1312 2124 fines

199 2187 381 2252 constituat:
407 2209 468 2269 quo
485 2208 560 2252 casu
577 2187 767 2252 conueniens
784 2195 841 2268 est,
866 2194 900 2252 ut
923 2187 1004 2250 hunc
1028 2187 1120 2250 alteri
1143 2186 1312 2250 incertam

198 2313 364 2396 pecuniam
399 2312 592 2376 condemnet.
639 2311 666 2376 si
689 2331 764 2376 uero
795 2312 927 2376 alterum
958 2311 1094 2376 uicinum
1125 2310 1209 2375 circa
1236 2311 1313 2374 fines
1335 2321 1365 2370 15

199 2438 354 2502 malitiose
389 2437 511 2502 uersari
546 2437 721 2519 contingat,
755 2436 834 2501 adeo
858 2437 954 2517 forte,
989 2445 1023 2500 ut
1051 2435 1173 2518 lapides
1202 2435 1312 2498 fincles

199 2566 317 2628 iuretur
342 2571 396 2628 aut
423 2565 552 2629 arbores
575 2563 685 2628 finales
710 2563 836 2644 caedat,
867 2561 1019 2626 eiusmodi
1047 2560 1161 2625 noxiae
1189 2560 1312 2624 nomine

146 2701 187 2750 61.
199 2690 381 2754 aduersario
418 2689 684 2754 condemnabitur.
747 2694 800 2753 6a.
825 2688 981 2751 Interdum
1017 2685 1071 2768 qui
1105 2693 1222 2749 temere
1257 2705 1313 2748 seu

199 2815 340 2899 improbe
375 2815 487 2880 iudicis
516 2793 695 2899 praeceptis
724 2834 797 2878 non·
814 2820 942 2897 pereat,
978 2832 1097 2895 poenas
1132 2811 1189 2875 luit
1218 2817 1312 2891 atque

199 2940 266 3004 eius
294 2941 418 3005 nomine
447 2940 682 3005 condemnatur.
734 2945 768 3002 ut
799 2959 887 3004 eece:
917 2937 1007 3002 iussit
1034 2937 1142 3017 iudex,
1173 2956 1242 2999 cum
1273 2935 1312 2999 de
1332 2947 1366 2996 ‘20

198 3064 311 3128 finibus
335 3071 419 3130 esset
442 3065 667 3146 controuersia,
692 3072 856 3146 utrumque
879 3064 1008 3128 fundum
1031 3061 1148 3126 metiri:
1177 3061 1258 3124 alter
1279 3059 1312 3122 id

198 3194 332 3254 nonest
358 3191 576 3274 pessusfieri:
604 3197 763 3271 tamquam
792 3190 944 3254 aduersus
972 3187 1106 3252 iudicem
1134 3191 1311 3264 contumax,
