3164 5338
521 401 761 466 -356-

97 574 192 654 utique
214 580 319 638 tamen
343 574 498 640 actionem
521 575 634 641 iurem
651 575 693 642 ad
710 595 776 641 rem
796 576 955 641 uenditam
977 576 1205 642 uindicandam

97 703 124 762 et
145 697 366 763 condictionem
383 700 517 782 emptori
533 700 645 765 cedere
661 701 805 766 uenditor
821 699 925 782 debet,
949 720 1020 765 cnm
1040 700 1109 783 ipsc
1124 720 1201 766 uen-

97 822 169 885 ditor
183 821 323 886 dominus
338 823 440 889 adhuc
457 824 507 906 sit,
531 829 638 907 utpote
654 844 688 889 re
704 825 841 889 nondum
856 823 982 888 tradita.
1017 825 1092 888 item
1108 823 1199 890 cedet

95 945 238 1010 actionem
253 946 327 1011 furti
342 947 375 1011 in
390 947 486 1030 fures,
511 948 745 1029 etaqnilianam
763 949 876 1030 ineos,
901 948 956 1029 qni
980 948 1128 1013 uenditae
1151 949 1200 1012 rei

66 1069 230 1134 tdamnum
254 1069 405 1137 dederint.
439 1076 469 1138 4.
485 1072 633 1138 Uenditio
650 1079 714 1138 tam
729 1093 807 1157 pure
824 1093 917 1154 quam
935 1073 992 1138 sub
1014 1071 1197 1138 condicione
1235 1093 1257 1145 a

92 1194 224 1258 contrahi
236 1200 348 1278 potest.
378 1197 436 1260 sub
453 1197 646 1280 condicione,
669 1197 781 1263 ueluti:
800 1197 968 1263 »Stichus
992 1217 1145 1280 seruus,
1165 1197 1197 1262 si

91 1317 182 1382 intra
203 1339 372 1384 mensem
395 1321 469 1386 tibi
491 1321 700 1405 placuerit,
726 1321 775 1386 sit
796 1321 871 1386 tibi
894 1328 1045 1405 emptus
1069 1321 1196 1386 aureis

64 1441 233 1508 udecem«.
279 1447 308 1510 5.
332 1445 395 1509 Res
424 1465 533 1510 sacras
560 1445 612 1510 uel
639 1445 806 1528 religiosas
835 1445 887 1510 nel
913 1445 1078 1529 publicas,
1099 1445 1196 1510 ueluti

89 1565 180 1630 forum
195 1568 371 1650 basilicam,
395 1569 512 1634 frustra
524 1570 594 1652 quis
610 1571 713 1635 sciens
730 1571 812 1652 emit,
835 1569 917 1634 idest
932 1569 1050 1634 nullam
1065 1569 1197 1634 habebit
1294 1580 1309 1618 θ

88 1689 169 1755 huius
189 1692 311 1775 negotii
338 1713 435 1758 cansa
467 1694 631 1762 actionem.
667 1693 694 1758 si
720 1714 796 1760 uero
814 1715 833 1758 a
854 1693 1018 1758 uenditore
1044 1693 1193 1776 deceptus
1214 1709 1256 1768 10

88 1807 138 1878 hus
159 1836 220 1899 res,
246 1817 337 1898 quasi
359 1817 475 1901 priuati
502 1818 579 1883 iuris
606 1819 677 1900 sint,
702 1818 819 1900 emerit,
843 1817 998 1883 actionem
1026 1824 1194 1901 exempto

87 1937 207 2004 habebit
231 1940 273 2005 ad
296 1941 338 2022 id,
367 1943 452 2023 quod
475 1963 533 2008 sua
555 1943 694 2025 interest,
722 1942 906 2026 petendum3
935 1962 999 2007 non
1021 1941 1105 2007 enim
1127 1961 1193 2006 rem

87 2063 237 2129 uenditum
262 2066 292 2130 ei
315 2067 376 2131 sibi
398 2067 517 2132 habere
540 2067 622 2132 licet.
672 2067 756 2132 idem
780 2074 882 2132 estet
905 2067 932 2132 si
947 2067 1080 2132 liberum
1096 2066 1199 2131 homi·

86 2206 148 2252 nem
171 2189 241 2270 quis
264 2210 322 2274 pro
346 2211 438 2256 seruo
462 2192 581 2256 emerit.

254 2774 303 2839 De
327 2773 484 2838 locatione
507 2779 539 2839 et
561 2773 774 2839 conductione.
819 2772 942 2838 Titulus
966 2777 1025 2841 24ὴ

164 2934 296 2999 Locutio
321 2940 352 2999 et
378 2933 543 2998 conductio
572 2934 682 2998 similis
706 2939 755 2998 est
781 2933 930 3018 emptioni
960 2939 992 2998 et
1018 2933 1192 2999 uenditioni
1212 2956 1251 3007 lo

84 3063 111 3120 et
130 3056 230 3123 isdem
253 3058 330 3122 iuris
348 3058 472 3141 ¹rs=gulis
495 3058 646 3142 procedit.
691 3078 764 3122 nam
787 3064 821 3122 nt
843 3056 989 3123 uenditio
1007 3058 1053 3123 ita
1071 3065 1192 3123 contra·

83 3178 166 3265 hitur,
189 3183 218 3247 si
242 3181 281 3246 de
304 3182 405 3266 pretio
429 3189 561 3262 unaque
585 3202 660 3266 pars
676 3182 879 3265 consenserit,
903 3182 952 3247 sio·
965 3182 1058 3247 etiam
1075 3183 1190 3248 locatio

84 3306 217 3372 contrahi
240 3306 442 3389 intellegitur,
467 3306 494 3371 si
517 3326 637 3371 merces
661 3307 803 3390 partibus
826 3306 996 3390 placuerit.
1033 3313 1064 3372 et
1087 3327 1192 3388 quem-

84 3428 245 3494 admodum
268 3430 333 3494 illic
357 3430 491 3494 diximus
515 3436 634 3496 certum
657 3450 728 3496 esse
752 3437 783 3495 et
810 3430 842 3494 in
869 3438 1034 3496 numerata
1056 3430 1192 3514 pecunia

83 3554 208 3635 pretium
243 3555 417 3621 consistere
450 3555 574 3638 debere,
610 3555 655 3620 sic
690 3555 785 3620 etiam
819 3575 940 3621 merces
976 3561 1062 3622 certa
1095 3560 1127 3620 et
1159 3554 1192 3618 in
1210 3576 1251 3628 202

82 3686 239 3745 numerata
260 3679 397 3764 pecunia
424 3699 495 3745 esse
518 3680 621 3745 debet.
668 3687 699 3746 et
729 3679 881 3764 competit.
903 3679 1042 3746 locatori
1065 3679 1195 3761 quidem
