3154 5338
566 419 794 483 -308-

130 607 348 690 prehensum
372 612 469 672 est«.
506 611 611 688 potest
632 625 708 672 uero
731 611 763 672 et
785 606 877 670 aliter
898 607 1052 671 nominari
1075 611 1107 672 et
1129 608 1235 672 uocari

94 740 113 789 s.
132 733 225 792 »tum
249 727 394 808 quibus
417 726 670 807 exlegibus«.
710 727 738 790 8.
762 726 873 791 Plures
890 730 995 791 antem
1011 745 1081 790 cum
1098 726 1162 791 sint
1182 727 1237 791 bo-

127 866 229 928 norum
258 847 471 929 possessiones
501 852 687 928 apraetore
716 845 915 910 introductae
945 864 981 910 ac
1010 866 1066 928 per
1096 847 1236 911 ordinem

128 967 271 1048 digestae,
301 985 434 1048 cumque
463 966 495 1029 in
525 983 714 1048 unaquaque
736 965 839 1048 specie
861 966 967 1047 plnres
994 966 1152 1030 interdum
1177 967 1238 1032 dis-

126 1087 186 1169 pari
207 1086 310 1168 gradu
332 1090 440 1150 extent
461 1103 627 1166 personae,
656 1104 695 1150 ne
717 1087 908 1150 creditorum
931 1086 1068 1150 actiones
1096 1085 1271 1151 differant

125 1213 183 1283 tur,
216 1210 267 1271 set
298 1205 437 1270 habeant
469 1223 547 1287 quos
582 1206 748 1271 conuenire
776 1207 910 1288 possint,
945 1211 977 1272 et
1009 1226 1049 1271 ne
1083 1205 1174 1272 facile
1206 1207 1238 1272 in

46 1307 51 1316 ¹
124 1323 345 1428 possessionem
366 1324 520 1389 bonorum
543 1323 681 1390 defuncti
697 1326 873 1403 mittantur,
897 1345 1070 1408 perquam
1094 1346 1169 1391 suae
1192 1346 1238 1392 se-

125 1445 243 1510 curitati
265 1445 438 1522 consulant,
461 1444 531 1508 ideo
547 1449 675 1525 praetor
689 1445 856 1526 unicuique
872 1446 1026 1510 bonorum
1048 1446 1237 1528 possessioni

123 1565 269 1646 petendae
298 1570 417 1630 certum
447 1563 626 1646 praefiniuit
651 1570 790 1647 tempuS,
817 1584 879 1647 quo
901 1571 1078 1644 transacto,
1106 1567 1160 1643 iis,
1184 1566 1237 1646 qui

39 1747 41 1756 .
122 1666 278 1773 secuntur,
302 1685 389 1749 locus
411 1683 455 1748 fit.
484 1685 667 1766 parentibus
691 1685 815 1768 quidem
840 1691 872 1750 et
894 1686 999 1751 liberis
1022 1691 1088 1750 tam
1110 1691 1238 1751 natura·
1259 1697 1290 1746 lo

122 1806 195 1871 libus
218 1825 315 1888 quam
331 1805 488 1886 adoptiuis
505 1825 621 1870 annum
637 1805 723 1870 dedit
738 1811 866 1888 praetor
889 1807 929 1870 ad
944 1825 1067 1872 omnem
1082 1807 1237 1872 bonorum

121 1926 344 2008 possessionem
365 1925 541 2006 petendam,
565 1925 633 1990 siue
656 1945 692 1990 ex
708 1930 897 1992 testamento
918 1926 986 1991 siue
1009 1927 1048 1990 ab
1071 1925 1236 1990 intestato:

122 2066 177 2128 quo
205 2047 357 2128 temporis
387 2047 489 2128 spatio
525 2051 700 2125 transacto,
735 2051 963 2129 competentem
991 2045 1051 2110 sibi
1080 2045 1237 2110 bonorum

121 2167 345 2248 possessionem
368 2167 533 2231 amittunt:
562 2167 673 2232 ceteris
702 2187 778 2232 uero
807 2167 947 2248 cognatis
970 2171 1002 2230 et
1031 2166 1187 2256 extraneis
1213 2165 1238 2230 O

86 2301 105 2351 a
121 2288 237 2352 dierum
260 2287 397 2368 spatium
427 2286 467 2350 ad
493 2286 552 2352 hoc
581 2273 676 2352 dedit.
721 2290 750 2351 9.
777 2287 820 2351 Et
841 2287 868 2351 si
890 2287 961 2367 quis
983 2286 1069 2351 intra
1090 2285 1147 2350 hos
1171 2285 1236 2350 dies
1258 2294 1287 2344 15

121 2414 344 2490 competentem
366 2410 425 2475 sibi
446 2410 600 2476 bonorum
615 2413 842 2494 possessionem
866 2430 1035 2493 agnoscere
1056 2411 1237 2492 neglexerit,

68 2615 69 2620 ἵ
120 2529 181 2594 eius
203 2549 268 2595 non
295 2530 431 2610 petentis
460 2531 578 2610 portio,
607 2531 634 2595 si
662 2551 744 2613 quae
773 2531 913 2596 eiusdem
939 2529 1056 2612 gradus
1086 2549 1239 2611 personae

119 2653 236 2726 extent,
267 2649 328 2714 illis
360 2648 529 2714 adcrescit:
568 2651 594 2715 si
628 2655 734 2715 autem
769 2669 860 2714 nemo
890 2669 926 2714 ex
961 2650 1070 2714 eodem
1097 2650 1239 2730 procedit

119 2769 223 2849 gradu
237 2770 300 2834 illis
316 2769 369 2851 qui
385 2789 422 2834 ex
438 2753 581 2852 sequenti
596 2772 729 2837 ueniunt
744 2771 846 2852 gradu
861 2771 962 2835 ueluti
977 2790 1013 2834 en
1030 2771 1236 2848 successione,

118 2893 269 2970 tanquam
292 2889 318 2954 si
345 2889 545 2971 praecedenti
572 2891 671 2971 gradu
699 2910 834 2972 persona
860 2910 921 2954 non
951 2894 1080 2954 extaret.
1125 2891 1240 2956 Delata
1256 2890 1290 2941 2⁰

118 3013 162 3072 est
182 3009 261 3074 mihi
284 3009 437 3074 bonorum
459 3012 632 3092 possessio,
656 3011 835 3092 quaemihi
858 3012 942 3075 intra
965 3029 1081 3074 annum
1103 3011 1240 3091 petenda

118 3135 190 3206 erat,
214 3148 288 3194 cum
311 3149 412 3195 essem
434 3150 471 3194 ex
486 3131 662 3211 parentium
682 3129 764 3195 forte
780 3131 831 3195 uel
846 3149 883 3194 ex
904 3130 1076 3195 liberorum
1097 3149 1237 3207 numero,

43 3313 47 3320 ,
118 3248 163 3311 uel
182 3249 271 3313 intra
294 3248 318 3313 C
341 3249 423 3327 dies,
454 3268 525 3314 cum
556 3269 593 3313 ex
615 3253 791 3314 ceterorum
814 3269 944 3314 numero
967 3267 1084 3326 essem3
1107 3249 1238 3314 eandem

117 3369 296 3448 repudiaui:
321 3387 382 3433 non
405 3369 535 3434 dicimus
553 3387 621 3433 esse
636 3369 863 3450 expectandum
878 3387 1044 3450 quousque
1059 3369 1235 3445 excesserit,

118 3489 197 3567 quod
220 3494 272 3554 est
293 3490 449 3571 reliquum
469 3494 592 3572 tempus
616 3489 690 3554 anni
712 3489 762 3569 uel
779 3488 803 3553 Ο
819 3488 949 3567 dierum,
971 3494 1008 3552 ut
1023 3493 1098 3553 tunc
1113 3489 1238 3553 demum
1256 3486 1289 3536 25

119 3611 227 3675 ceteris
251 3611 339 3675 locus
362 3608 427 3687 fiat,-
450 3613 499 3675 set
520 3609 628 3674 statim
651 3609 705 3690 qui
728 3610 882 3690 sequioris
905 3609 1022 3690 gradrm
1045 3609 1097 3673 uel
1120 3609 1237 3673 ordinis

82 3730 189 3794 ¹⁰·sunt
211 3730 255 3794 ad
276 3731 431 3795 bonorum
446 3730 675 3811 possessionem
698 3729 912 3794 admittentur.
955 3730 1001 3792 10.
1026 3728 1162 3810 Tempus
1184 3728 1238 3792 bo-
