3384 5314
620 429 660 438 -
708 395 769 457 471
819 428 859 437 --

185 568 269 632 modi
293 570 508 652 exceptionem
532 570 768 652 contempserit,
797 569 842 633 ita
870 589 974 633 secum
1004 568 1162 649 cogitans:
1189 565 1298 630 »iudici

186 695 334 776 obrepam
351 672 389 758 ¹et
413 715 520 776 agam:
545 695 596 758 uel
620 701 704 759 certe
729 695 756 758 si
777 694 920 777 exceptio
945 699 1130 776 opponatur,
1155 699 1218 755 turn
1242 711 1299 774 per

185 825 298 882 memet
321 819 388 901 ipso
413 840 506 901 agam
531 825 562 883 et
585 819 722 883 debitum
746 839 932 902 persequar«
957 837 1027 882 sese
1056 817 1180 900 decipit.
1226 837 1298 880 nam

185 943 212 1006 si
234 948 346 1025 postea
369 944 484 1025 egerit,
517 943 776 1027 peremptoria
804 943 859 1006 rei
893 942 1085 1006 iudicatae
1114 941 1298 1024 exceptione

184 1068 396 1131 remouebitur
423 1076 551 1151 propter
579 1068 641 1132 iam
668 1069 802 1132 relatam
830 1068 906 1132 iuris
934 1068 1090 1149 regulam:
1120 1066 1297 1130 dilatoriam

185 1192 411 1276 exceptionem,
437 1214 518 1274 quae
540 1194 685 1277 opposita
709 1199 757 1258 est
780 1201 874 1274 atquc
892 1193 1031 1276 optinuit,
1055 1191 1298 1275 peremptoriam

185 1317 314 1399 gignere
338 1318 564 1401 exceptionem.
600 1319 657 1382 sed
674 1320 752 1383 haec
769 1319 808 1382 de
824 1318 956 1382 infamia
972 1318 1046 1382 olim
1065 1318 1297 1397 tractabantur;

184 1441 277 1506 hodie
308 1449 426 1523 autem,
464 1463 532 1507 cum
567 1443 599 1507 in
629 1443 758 1508 iudiciis
792 1464 853 1508 non
887 1443 1136 1523 frequententur,
1172 1447 1299 1525 propter

136 1545 138 1556 ¹
185 1567 419 1631 desuetudinem
452 1568 491 1631 de
519 1567 650 1632 infamia
677 1589 717 1632 ne
749 1568 877 1632 tractari
910 1568 1035 1648 quidem
1063 1572 1180 1650 potest,
1216 1586 1298 1646 quae

185 1699 419 1773 procuratorum
444 1713 541 1756 causa
569 1694 712 1757 obicitur.
759 1693 928 1757 absurdum
957 1693 1049 1773 enim,
1079 1712 1149 1756 cum
1178 1690 1230 1772 qui
1259 1690 1297 1753 de
1320 1700 1352 1751 10

185 1835 339 1898 personae
352 1817 503 1896 qualitate
516 1818 684 1899 contendit,
698 1818 796 1901 ipsius
809 1817 927 1900 negotii
941 1817 1151 1899 cognitionem
1164 1815 1297 1880 differre.

450 2496 499 2559 De
521 2495 788 2579 replicationibus.
833 2455 957 2559 Titulus
983 2498 1032 2560 14.

272 2655 359 2718 Sicut
374 2655 560 2730 actionibus,
584 2676 666 2736 quae
682 2655 748 2720 iure
766 2655 890 2736 quidem
906 2656 1022 2736 ualent,
1040 2655 1176 2719 naturali
1192 2661 1297 2719 autem

183 2779 335 2859 aequitati
359 2781 535 2844 contrariae
560 2787 645 2862 sunt,
670 2781 870 2864 exceptiones
895 2787 1105 2864 opponuntur,
1134 2781 1179 2845 ita
1202 2781 1296 2844 etiam

183 2905 430 2987 exceptionibus
456 2925 537 2986 quae
561 2906 667 2971 stricto
684 2906 750 2970 iure
768 2906 884 2987 ualent,
908 2913 1021 2969 natura
1045 2911 1150 2971 autem
1170 2905 1297 2987 iniquae

183 3028 343 3110 uidentur,
377 3030 527 3112 allegatio
563 3031 718 3110 quaedam
746 3032 787 3094 ab
817 3031 975 3095 actoribus
1005 3031 1185 3114 opponitur,
1215 3049 1296 3110 quae
1318 3037 1350 3089 15

182 3153 387 3236 replicatio
412 3155 531 3219 dicitur.
570 3155 642 3220 iude
667 3162 770 3220 autem
794 3175 907 3220 nomen
924 3156 1025 3236 sumit,
1051 3155 1125 3236 quia
1147 3175 1204 3238 per
1227 3175 1296 3219 eam

183 3279 393 3360 replicatur
416 3286 451 3344 et
473 3281 680 3344 resoluitur
695 3281 744 3344 ius
765 3281 972 3365 exceptionis3
997 3281 1099 3363 plico
1116 3281 1198 3344 enim
1214 3280 1296 3344 idem

184 3408 231 3468 est
254 3424 292 3468 ac
315 3403 434 3486 πλέκω,
458 3405 602 3488 replico
626 3405 709 3475 idem
734 3413 827 3490 atque
850 3404 1024 3472 α’ναπλέκω
1041 3412 1072 3469 et
1087 3401 1226 3470 cibatio.
1265 3404 1297 3467 id
