3154 5338
574 390 805 454 -325-

140 574 190 640 fiat
210 595 259 641 me
279 595 439 659 nunquam
462 577 493 642 in
510 575 697 659 Capitolium
720 597 788 642 osse
811 578 1045 643 adscensurum.
1077 577 1144 644 fieri
1167 579 1248 644 enim

139 701 238 778 potest
260 703 295 762 ut
316 698 370 779 qui
393 697 433 762 ad
455 698 704 778 sexagensimum
725 698 774 762 uel
790 698 830 761 ad
846 699 1133 780 septuagensimum
1148 719 1248 780 usque

137 817 245 881 aetatis
268 835 384 882 annum
402 818 435 881 in
451 817 640 899 Capitolium
662 836 724 881 non
740 817 966 895 adscenderint,
990 824 1100 900 postea
1122 819 1249 883 adscen-

136 935 222 1016 dant3
246 941 279 1000 ot
300 937 352 1002 ille
374 939 428 1019 qui
450 939 482 1002 in
504 938 615 1003 ultimo
637 939 723 1003 uitae
745 943 792 1003 ost
807 939 920 1020 spiritu
936 939 1045 1020 procul
1068 939 1163 1003 dubio
1186 957 1248 1002 non

136 1060 180 1118 est
206 1074 345 1137 unquam
376 1056 594 1122 adscensurus.
640 1058 694 1140 qui
716 1058 773 1122 sub
797 1059 975 1123 condicione
1005 1064 1054 1124 est
1076 1059 1245 1140 stipulatus
1265 1067 1281 1115 5

135 1191 218 1254 spem
241 1174 336 1240 habet
351 1175 409 1242 sibi
431 1176 570 1242 debitum
593 1177 644 1241 iri:
669 1182 700 1242 et
721 1178 799 1256 ideo,
824 1179 850 1242 si
872 1179 1035 1254 moriatur,
1058 1177 1139 1242 hanc
1161 1197 1248 1260 sporn

135 1291 172 1355 ad
191 1295 337 1375 proprios
360 1296 546 1386 transmittit
568 1296 707 1362 heredes.
753 1297 969 1379 stipulationes
992 1299 1074 1362 enim
1096 1297 1248 1362 condicio·
1321 1283 1326 1301 '

133 1413 231 1492 noles,
255 1414 282 1478 si
304 1415 507 1496 stipulatores
530 1417 735 1494 decesserint,
760 1417 860 1482 adhuc
882 1418 1036 1498 pendente
1059 1417 1246 1495 condicione,

134 1533 171 1597 ad
196 1533 330 1600 heredes
360 1541 542 1617 transeunt,
570 1539 731 1620 quamuis,
762 1539 854 1602 utin
881 1538 1019 1603 secunda
1048 1537 1248 1602 Institutione

133 1654 329 1734 tradidimus,
339 1657 363 1738 1)
393 1657 532 1738 legatum
562 1658 620 1722 sub
648 1657 826 1722 condicione
854 1658 998 1722 relictum
1020 1661 1144 1721 mortuo
1166 1656 1300 1736 lega-10

133 1774 209 1838 tario
235 1780 309 1840 ante
331 1775 520 1843 condicionis
543 1782 701 1854 euentum,
725 1776 765 1840 ad
787 1776 925 1842 eiusdem
947 1795 1010 1841 non
1032 1780 1175 1841 transeat
1195 1775 1248 1840 he

96 1909 116 1958 5.
133 1893 229 1960 redes.
284 1897 312 1959 5.
344 1895 485 1960 Solemus
514 1901 547 1961 et
573 1897 642 1961 loca
669 1896 922 1978 stipulationibus
952 1897 1105 1974 inserere,
1135 1895 1247 1960 ueluti:
1309 1879 1312 1888 ’

136 2012 288 2079 »decem
309 2015 399 2078 mihi
427 2015 536 2080 dabis
560 2015 841 2097 Carthagineir
867 2015 918 2080 uel
949 2017 1011 2080 »in
1034 2016 1104 2080 illo
1127 2015 1246 2080 loco«.

132 2153 209 2215 quae
233 2135 405 2218 stipulatio,
429 2137 502 2201 licet
523 2156 605 2218 pura
619 2137 720 2218 prima
739 2135 817 2200 facie
832 2155 900 2201 esse
914 2135 1070 2214 uideatur,
1095 2139 1248 2200 attamen

131 2254 222 2319 tacite
247 2259 370 2337 tempus
400 2255 432 2320 in
454 2275 488 2321 se
510 2261 542 2320 et
569 2256 747 2320 dilationem
769 2257 918 2320 insortam
940 2255 1049 2333 habet,
1074 2256 1171 2320 donec
1193 2255 1298 2320 sti-15

130 2374 257 2454 pulator
279 2374 500 2457 Carthaginem
527 2376 574 2440 ire
599 2376 700 2458 possit
725 2375 829 2456 ibique
859 2376 990 2439 soluere.
1035 2375 1105 2439 ideo
1128 2375 1154 2438 si
1177 2375 1246 2457 quis

130 2493 171 2558 ita
185 2495 307 2560 Romae
322 2497 504 2578 stipuletur:
531 2497 771 2579 »spondesne
792 2497 909 2560 hodie
931 2496 1025 2559 dare
1047 2494 1139 2558 mibi
1159 2494 1247 2558 Car-

130 2613 331 2696 thagineic
350 2616 468 2681 inutilis
485 2621 534 2680 est
548 2617 717 2698 stipulatio,
737 2621 846 2697 utpote
861 2634 941 2696 quiae
956 2613 1161 2695 impossibilia
1175 2631 1247 2677 con-

129 2733 239 2798 tineat:
269 2734 461 2816 impossibile
488 2741 537 2800 est
564 2737 646 2800 enim
673 2755 736 2800 una
757 2736 806 2800 die
828 2737 928 2799 Roma
952 2734 1172 2814 Carthaginem
1193 2752 1246 2797 ue

128 2853 207 2918 nire:
231 2854 453 2936 stipulationes
477 2860 583 2919 autem
598 2874 678 2936 quae
701 2855 759 2919 snb
773 2853 955 2935 impossibili
973 2853 1151 2918 condicione
1166 2851 1246 2944 fiunt
1263 2853 1297 2903 20

95 2991 114 3040 c.
129 2974 254 3041 inutiles
278 2980 361 3040 sunt.
408 2978 436 3039 6.
461 2975 607 3040 Condicio
629 2994 710 3056 quae
733 2975 772 3038 ad
793 2974 1000 3056 praeteritum
1022 2973 1074 3036 uel
1096 2971 1136 3036 ad
1157 2990 1246 3052 prae

128 3113 196 3160 sens
219 3100 347 3176 tempus
370 3094 507 3160 refertur
529 3101 585 3159 aut
607 3095 715 3160 statim
736 3093 874 3158 infirmat
895 3092 1116 3173 obligationem
1138 3096 1194 3154 aut
1216 3091 1244 3154 ei
1289 3125 1291 3130 ι

129 3211 309 3278 dilationem
331 3232 394 3278 non
416 3215 513 3296 parit:
537 3216 634 3279 ueluti
658 3215 698 3278 ad
713 3214 918 3295 praeteritum
932 3218 1069 3295 tempus:
1096 3211 1244 3275 »decem

128 3351 268 3398 aureos
290 3334 387 3397 mihi
410 3333 538 3412 dabis,
563 3334 596 3398 si
619 3333 747 3396 Titius
771 3333 912 3397 consul
934 3331 1059 3396 fuito«
1093 3329 1133 3393 ad
1155 3349 1244 3410 prae-

191 3576 212 3642 l)
231 3573 265 3628 oi.
285 3573 407 3642 Theoph.
428 3577 452 3642 2,
470 3576 511 3640 20,
531 3576 574 3626 33.
