3384 5314
466 716 515 778 De
539 716 721 779 interdictis.
768 716 891 779 Titulus
919 720 966 781 15.

246 873 448 955 Consequens
473 883 521 938 est
536 883 570 938 ut
586 876 638 956 qui
663 876 701 938 dc
726 876 901 939 actionibus
926 885 957 939 et
981 877 1217 959 exceptionibus
1242 886 1273 942 et

157 997 414 1079 replicationibus
448 1000 646 1074 tractauerit,
682 1000 719 1062 de
750 999 923 1064 intendistis
957 1021 1095 1082 quoque,
1131 1003 1198 1065 siue
1234 1003 1272 1065 de

158 1122 333 1186 actionibus
358 1143 439 1202 quae
455 1123 691 1187 interdictorum
707 1125 776 1188 uice
793 1133 987 1202 exercentur,
1011 1126 1165 1206 loquatur.
1201 1147 1272 1190 cum

158 1267 232 1309 uero
269 1248 321 1326 qui
357 1247 395 1311 de
429 1248 602 1311 interdictis
637 1255 752 1312 tractat
787 1249 867 1312 scire
906 1257 1030 1332 oportet
1068 1249 1193 1329 quando
1234 1251 1271 1314 de

157 1372 402 1453 possessione
427 1378 458 1435 et
481 1373 606 1452 quando
631 1373 740 1452 quasi
764 1373 802 1436 de
827 1375 1070 1456 possessione
1095 1394 1197 1438 sermo
1223 1375 1271 1439 sit.
1310 1389 1327 1440 5

158 1503 188 1560 et
227 1498 441 1578 ‘possessio’
482 1505 529 1561 est
567 1499 621 1560 rei
661 1499 875 1580 corporalis
914 1499 1097 1580 detentio,
1142 1499 1270 1578 ‘quasi'

157 1631 261 1684 autem
287 1623 501 1704 ‘possessio'
527 1629 574 1685 est
598 1623 855 1705 incorporalis
879 1624 934 1686 rei
959 1644 1055 1687 usus.
1091 1631 1122 1687 et
1141 1643 1272 1705 corpo-

156 1746 250 1809 ralis
276 1746 399 1826 quidem
424 1767 474 1810 res
493 1752 539 1810 est
562 1747 686 1827 fundus,
712 1748 822 1811 domus
847 1755 878 1810 et
898 1756 1003 1811 cetera
1027 1747 1193 1829 eiusmodi;
1219 1749 1271 1810 in-

157 1872 370 1953 corporalis
400 1879 503 1935 autem
531 1879 579 1935 est
607 1874 814 1952 ususfructus,
849 1873 982 1936 seruitus
1012 1879 1042 1935 et
1070 1873 1117 1935 his
1146 1873 1271 1936 similia.

157 2015 226 2058 oum
265 1995 360 2076 igitur
406 1996 444 2058 de
483 1996 684 2076 possessione
730 1996 780 2058 uel
821 1996 912 2076 quasi
952 1997 1151 2078 possessione
1191 1998 1327 2061 intexto

157 2120 234 2183 duos
263 2120 415 2200 quosdam
444 2121 659 2183 controuersia
687 2121 799 2200 oritur,
828 2129 1005 2202 praetorem
1034 2123 1127 2184 ambo
1156 2122 1272 2186 adeunt

136 2237 247 2323 ¹eique
275 2264 341 2308 rem
368 2251 537 2326 exponunt.
594 2245 740 2324 quoniam
769 2251 874 2307 autem
903 2245 1068 2327 contingit,
1098 2251 1131 2308 ut
1159 2266 1270 2328 saepe-

156 2389 285 2431 numero
309 2369 341 2431 in
365 2369 517 2433 eiusmodi
540 2370 761 2433 controuersiis
786 2377 817 2433 et
845 2370 959 2433 caedes
987 2370 1062 2433 fiant
1086 2377 1117 2433 et
1140 2371 1271 2434 uulnera

157 2492 337 2574 infligantur
360 2500 391 2556 et
407 2493 580 2556 inferantur
595 2495 721 2576 plagae,
747 2494 852 2557 omnia
868 2495 1006 2575 praetori
1023 2503 1178 2557 enarrant.
1221 2496 1270 2558 hic

157 2625 261 2680 autem
295 2618 394 2681 uerba
429 2619 583 2697 quaedam
611 2618 693 2680 inter
727 2625 891 2696 utrumque
926 2619 1120 2699 pronuntiat,
1157 2619 1270 2699 quibus
1292 2636 1323 2686 15

157 2743 372 2821 quaestionem
396 2742 464 2824 ipse
488 2761 550 2805 non
575 2741 699 2821 decidit,
725 2749 773 2804 set
796 2762 851 2805 eos
876 2741 916 2804 ad
936 2742 1112 2824 pedaneum
1136 2742 1270 2806 iudicem

155 2866 297 2947 remittit,
334 2867 386 2946 qui
421 2867 459 2930 de
494 2867 632 2948 ipsorum
668 2867 883 2930 controuersia
917 2872 1097 2947 cognoscat.
1146 2873 1270 2948 oportet

156 2991 252 3072 igitur
289 3012 354 3055 rem
389 2991 516 3055 breuius
551 3011 709 3073 exponere
750 2997 780 3055 et
819 2991 922 3054 dicere
963 2991 1037 3070 quid
1077 2990 1116 3054 sit
1155 2991 1269 3054 inter·

156 3115 301 3179 dictum.
347 3117 592 3180 Interdictum
616 3123 663 3179 est
686 3116 899 3198 pronuntiatio
915 3115 1070 3198 praetoris
1087 3116 1167 3180 inter
1190 3115 1269 3179 duos

156 3240 308 3317 quosdam
332 3239 371 3303 de
388 3241 589 3323 possessione
604 3241 655 3303 uel
673 3240 763 3320 quasi
779 3241 979 3322 possessione
996 3239 1164 3321 litigantes,
1189 3259 1269 3319 quae
1289 3256 1324 3307 20

155 3383 218 3426 non
241 3365 342 3446 ipsam
365 3385 431 3428 rem
448 3365 564 3428 decidit
580 3371 628 3428 set
644 3365 779 3428 iudicem
804 3365 904 3445 docet,
930 3363 1085 3445 quomodo
1111 3364 1148 3427 de
1173 3385 1213 3428 ea
1235 3383 1269 3427 re

155 3487 196 3549 sit
218 3487 427 3551 indicandum.
473 3489 552 3552 haec
575 3495 679 3552 autem
707 3489 806 3552 uerba
834 3488 879 3551 ait
906 3495 1045 3570 praetor,
1073 3495 1107 3552 ut
1134 3489 1185 3551 uel
1213 3488 1269 3551 ali·

155 3612 231 3694 quid
253 3612 321 3676 fieri
344 3612 451 3676 lubeat
474 3614 525 3676 uel
545 3613 719 3694 prohibeat.
758 3612 952 3695 potissimum
977 3619 1081 3676 autem
1097 3613 1129 3675 in
1145 3632 1269 3694 posses-

155 3736 252 3800 sionis
277 3757 374 3801 causa
397 3737 569 3802 interdictis
593 3738 680 3800 locus
705 3743 761 3801 est.
799 3735 871 3800 ideo
895 3743 1000 3800 autem
1021 3737 1086 3799 dixi
1103 3737 1268 3818 ‘potissi-

154 3863 269 3940 mum’,
305 3861 380 3940 quia
413 3862 567 3925 interdum
597 3861 807 3944 possessionis
835 3860 977 3940 quaestio
1010 3881 1073 3924 non
1101 3862 1210 3924 subest
1238 3866 1269 3923 et
1287 3876 1323 3927 25

154 3989 259 4048 tamen
282 3985 479 4050 interdictum
503 3986 658 4068 competit.
