3164 5338
592 381 834 446 -353-

156 555 327 620 mationem
351 562 382 620 et
404 555 540 638 pretinm
556 556 755 639 persoluetur
777 561 810 621 et
831 575 883 620 res
898 555 1049 637 tradam,
1073 560 1107 619 ut
1129 554 1271 619 uenditio

157 679 200 743 ad
216 679 360 744 effectum
375 677 576 763 perducatur,
601 685 632 744 et
647 686 769 764 emptor
784 680 910 760 quidem
926 700 965 744 ex
982 685 1086 763 empto
1103 680 1272 758 actionem,

156 804 301 869 uenditor
325 810 428 868 autem
452 823 492 868 ex
514 803 642 869 uendite
660 811 878 885 consequatur.
902 805 1074 869 sinautem
1097 802 1151 885 qui
1172 803 1273 868 nomi·

156 934 249 993 natus
271 934 318 992 est
341 927 441 992 Titius
457 927 508 992 uel
531 927 666 993 nolucrit
688 930 740 994 uel
761 947 825 994 non
840 928 977 1014 potuerit
990 927 1124 1014 pretium
1141 927 1272 992 definire

158 1053 252 1135 (forte
275 1052 357 1117 enim
380 1053 474 1136 pretii
490 1053 673 1134 quantitatis
689 1053 827 1137 cognitio
845 1054 912 1118 eius
928 1059 1054 1137 captum
1073 1052 1267 1136 superabat),
1306 1059 1322 1110 5

156 1197 214 1261 pro
230 1177 327 1242 nihilo
344 1176 385 1242 sit
400 1177 591 1244 uenditionis
604 1183 792 1260 contractus,
817 1185 866 1242 set
887 1178 946 1244 tali
961 1178 1032 1243 loco
1056 1177 1119 1242 sint
1134 1177 1206 1260 ipsi,
1231 1196 1269 1240 ac

157 1302 184 1365 si
200 1301 303 1366 nullus
319 1301 507 1366 uenditionis
530 1301 760 1366 intercessisset
783 1308 970 1384 contractus,
995 1321 1065 1366 oum
1087 1301 1206 1364 nullum
1229 1300 1273 1366 sit

156 1425 290 1508 pretium
307 1425 517 1490 constitutum.
551 1425 610 1490 hoc
624 1445 702 1490 uero
718 1426 751 1490 in
767 1425 924 1510 emptione
947 1425 1066 1490 definiit
1085 1423 1271 1508 principalis

157 1549 352 1632 constitutio,
380 1558 515 1614 nonest
541 1569 616 1615 uero
641 1549 811 1614 absurdum
834 1551 867 1614 id
889 1549 984 1614 etiam
1012 1548 1054 1613 ad
1081 1548 1268 1613 locationem

119 1685 146 1736 2.
157 1679 189 1738 et
216 1673 453 1739 conductionem
480 1674 614 1738 trahere.
665 1677 694 1741 2.
722 1675 826 1739 Debet
853 1679 958 1738 autem
991 1693 1054 1737 non
1080 1673 1195 1753 solum,
1224 1675 1269 1738 uti
1289 1679 1323 1731 10

158 1798 273 1863 dictum
306 1803 366 1880 est,
396 1797 517 1862 definiri
548 1798 683 1882 pretium
713 1805 744 1863 et
774 1804 892 1864 certum
924 1817 1008 1880 esse,
1036 1803 1084 1862 set
1114 1797 1210 1862 etiam
1236 1799 1269 1862 in

157 1927 321 1986 numerata
343 1923 477 2005 pecunia
499 1923 679 1988 consistere.
729 1943 802 1988 uam
826 1923 859 1986 in
884 1922 1004 1988 ceteris,
1023 1923 1117 1988 rebus
1143 1929 1270 2006 praeter

157 2046 322 2129 pecuniam
346 2067 386 2110 an
410 2046 543 2130 pretium
567 2067 637 2112 esse
653 2047 753 2131 possit
768 2047 941 2130 quaeritu13
965 2046 1063 2111 ueluti
1083 2065 1192 2111 seruus
1215 2053 1270 2111 aut

156 2171 271 2234 fundus
294 2175 349 2234 aut
370 2177 447 2253 toga
474 2192 515 2235 an
543 2171 671 2236 alterius
699 2172 747 2236 rei
773 2173 907 2255 pretium
935 2191 1006 2236 esse
1034 2171 1146 2255 possit,
1174 2171 1269 2235 uaide

157 2294 333 2377 quaesitum
356 2301 412 2360 est.
447 2302 479 2360 et
502 2295 638 2360 Sabinus
662 2296 787 2378 quidem
803 2303 835 2360 et
851 2295 979 2361 Cassius
996 2295 1091 2361 etiam
1107 2295 1140 2360 in
1155 2295 1269 2360 aliare
1290 2307 1324 2360 15

156 2420 310 2502 putabant
332 2439 427 2503 posse
455 2420 589 2504 pretium
617 2421 788 2486 consistere
817 2427 848 2486 et
875 2421 954 2485 illud
981 2425 1030 2485 est
1060 2419 1143 2502 quod
1173 2421 1268 2502 uolgo

157 2543 321 2608 dicebatur
336 2563 404 2627 per
419 2545 738 2628 permutationem
753 2564 874 2610 rerum
891 2543 1114 2628 emptionem
1131 2550 1167 2608 et
1182 2563 1270 2608 uen-

158 2669 338 2734 ditionem
354 2669 583 2751 consistere,
609 2689 763 2750 eamque
780 2669 945 2752 speciem
959 2667 1196 2734 uenditionis
1211 2687 1269 2732 ue-

156 2793 270 2858 tustis
280 2793 409 2858 simam
430 2813 522 2858 esse.
566 2800 812 2876 argumentoque
828 2794 996 2858 utebantur
1010 2792 1147 2858 Homero
1163 2799 1268 2876 poeta,

157 2917 266 2998 quiin
290 2918 399 2998 aliqua
424 2925 515 3001 parte
539 2924 719 3002 poematum
740 2937 866 2982 suorum
891 2917 1061 2982 exercitum
1084 2937 1269 3000 graecorum
1287 2927 1325 2980 20

158 3043 264 3106 uinum
281 3041 342 3107 sibi
365 3049 600 3126 comparantem
615 3043 736 3125 tingens
753 3043 797 3106 ait
820 3042 1050 3125 permutatione
1074 3041 1269 3124 quorundam

156 3187 262 3232 rerum
285 3167 473 3251 emptionem
498 3167 574 3250 fieri,
597 3165 645 3232 his
669 3167 827 3232 uersibus:

315 3289 414 3356 ἔνθεν
435 3288 489 3378 ἄρ’
512 3289 671 3366 οἰνίζοντο
695 3289 956 3378 καρηκομόωντες
972 3289 1109 3372 Ἀχαιοί·

214 3472 216 3478 ,
315 3411 410 3479 ἄλλοι
432 3414 492 3498 μὲν
514 3411 633 3503 χαλκῷ,
655 3411 750 3480 ἄλλοι
773 3415 806 3478 d’
828 3418 951 3480 αἴθωνι
974 3412 1106 3502 σιδήρῳ,
