<?xml version="1.0" encoding="UTF-8"?>
<!DOCTYPE html PUBLIC "-//W3C//DTD XHTML 1.0 Transitional//EN"
    "http://www.w3.org/TR/xhtml1/DTD/xhtml1-transitional.dtd">
<html xmlns="http://www.w3.org/1999/xhtml" xml:lang="en" lang="en">
 <head>
  <title>
</title>
<meta http-equiv="Content-Type" content="text/html;charset=utf-8" />
  <meta name='ocr-system' content='tesseract 3.04.00' />
  <meta name='ocr-capabilities' content='ocr_page ocr_carea ocr_par ocr_line ocrx_word'/>
</head>
<body>
  <div class='ocr_page' id='page_1' title='image "./institutionumgr01linggoog_0147.png"; bbox 0 0 3154 5338; ppageno 0'>
   <div class='ocr_carea' id='block_1_1' title="bbox 532 413 761 478">
    <p class='ocr_par' dir='ltr' id='par_1_1' title="bbox 532 413 761 478">
     <span class='ocr_line' id='line_1_1' title="bbox 532 413 761 478; baseline -0.013 1"><span class='ocrx_word' id='word_1_1' title='bbox 532 447 568 459; x_wconf 89' lang='lat'>-</span> <span class='ocrx_word' id='word_1_2' title='bbox 614 413 761 478; x_wconf 67' lang='lat'>822-</span> 
     </span>
    </p>
   </div>
   <div class='ocr_carea' id='block_1_2' title="bbox 296 679 995 781">
    <p class='ocr_par' dir='ltr' id='par_1_2' title="bbox 296 679 995 781">
     <span class='ocr_line' id='line_1_2' title="bbox 296 679 995 781; baseline -0.011 -13"><span class='ocrx_word' id='word_1_3' title='bbox 296 679 343 768; x_wconf 78' lang='lat' dir='ltr'>De</span> <span class='ocrx_word' id='word_1_4' title='bbox 363 700 531 767; x_wconf 91' lang='lat' dir='ltr'>uerborum</span> <span class='ocrx_word' id='word_1_5' title='bbox 555 699 753 781; x_wconf 79' lang='lat' dir='ltr'>obligatione.</span> <span class='ocrx_word' id='word_1_6' title='bbox 798 697 923 762; x_wconf 77' lang='lat' dir='ltr'>&#39;litidus</span> <span class='ocrx_word' id='word_1_7' title='bbox 948 699 995 762; x_wconf 84' lang='lat'>15.</span> 
     </span>
    </p>
   </div>
   <div class='ocr_carea' id='block_1_3' title="bbox 58 851 1266 3098">
    <p class='ocr_par' dir='ltr' id='par_1_3' title="bbox 92 851 1243 1898">
     <span class='ocr_line' id='line_1_3' title="bbox 171 851 1208 939; baseline -0.006 -16"><span class='ocrx_word' id='word_1_8' title='bbox 171 857 250 923; x_wconf 78' lang='lat' dir='ltr'>(lum</span> <span class='ocrx_word' id='word_1_9' title='bbox 273 857 316 922; x_wconf 95' lang='lat' dir='ltr'>de</span> <span class='ocrx_word' id='word_1_10' title='bbox 343 857 533 939; x_wconf 83' lang='lat' dir='ltr'>obligatione</span> <span class='ocrx_word' id='word_1_11' title='bbox 560 857 729 921; x_wconf 84' lang='lat' dir='ltr'>dixerimus</span> <span class='ocrx_word' id='word_1_12' title='bbox 757 874 838 938; x_wconf 90' lang='lat' dir='ltr'>quae</span> <span class='ocrx_word' id='word_1_13' title='bbox 864 873 898 919; x_wconf 90' lang='lat' dir='ltr'>re</span> <span class='ocrx_word' id='word_1_14' title='bbox 927 852 1138 932; x_wconf 80' lang='lat' dir='ltr'>contrahitur,</span> <span class='ocrx_word' id='word_1_15' title='bbox 1169 851 1208 918; x_wconf 92' lang='lat' dir='ltr'>de</span> 
     </span>
     <span class='ocr_line' id='line_1_4' title="bbox 92 972 1210 1060; baseline -0.004 -18"><span class='ocrx_word' id='word_1_16' title='bbox 92 977 140 1042; x_wconf 90' lang='lat' dir='ltr'>illa</span> <span class='ocrx_word' id='word_1_17' title='bbox 167 995 293 1059; x_wconf 89' lang='lat' dir='ltr'>quoque</span> <span class='ocrx_word' id='word_1_18' title='bbox 321 977 485 1044; x_wconf 88' lang='lat' dir='ltr'>uideamus</span> <span class='ocrx_word' id='word_1_19' title='bbox 513 995 594 1060; x_wconf 84' lang='lat' dir='ltr'>quae</span> <span class='ocrx_word' id='word_1_20' title='bbox 622 976 727 1043; x_wconf 89' lang='lat' dir='ltr'>uerbis</span> <span class='ocrx_word' id='word_1_21' title='bbox 756 974 962 1040; x_wconf 81' lang='lat' dir='ltr'>contrahitur.</span> <span class='ocrx_word' id='word_1_22' title='bbox 1012 972 1210 1040; x_wconf 85' lang='lat' dir='ltr'>contrahitur</span> 
     </span>
     <span class='ocr_line' id='line_1_5' title="bbox 92 1094 1208 1179; baseline 0 -17"><span class='ocrx_word' id='word_1_23' title='bbox 92 1102 190 1162; x_wconf 85' lang='lat' dir='ltr'>autem</span> <span class='ocrx_word' id='word_1_24' title='bbox 220 1097 296 1162; x_wconf 84' lang='lat' dir='ltr'>haec</span> <span class='ocrx_word' id='word_1_25' title='bbox 325 1115 363 1162; x_wconf 83' lang='lat' dir='ltr'>ex</span> <span class='ocrx_word' id='word_1_26' title='bbox 395 1097 641 1179; x_wconf 79' lang='lat' dir='ltr'>interrogatione</span> <span class='ocrx_word' id='word_1_27' title='bbox 668 1101 701 1162; x_wconf 91' lang='lat' dir='ltr'>et</span> <span class='ocrx_word' id='word_1_28' title='bbox 728 1094 912 1176; x_wconf 88' lang='lat' dir='ltr'>congruenti</span> <span class='ocrx_word' id='word_1_29' title='bbox 939 1111 1106 1176; x_wconf 89' lang='lat' dir='ltr'>responsu,</span> <span class='ocrx_word' id='word_1_30' title='bbox 1138 1112 1208 1162; x_wconf 89' lang='lat' dir='ltr'>cum</span> 
     </span>
     <span class='ocr_line' id='line_1_6' title="bbox 93 1213 1209 1299; baseline -0.002 -19"><span class='ocrx_word' id='word_1_31' title='bbox 93 1216 162 1298; x_wconf 86' lang='lat' dir='ltr'>quid</span> <span class='ocrx_word' id='word_1_32' title='bbox 182 1215 252 1282; x_wconf 90' lang='lat' dir='ltr'>fieri</span> <span class='ocrx_word' id='word_1_33' title='bbox 267 1215 335 1282; x_wconf 88' lang='lat' dir='ltr'>dari</span> <span class='ocrx_word' id='word_1_34' title='bbox 351 1217 548 1299; x_wconf 88' lang='lat' dir='ltr'>stipulamur.</span> <span class='ocrx_word' id='word_1_35' title='bbox 584 1216 672 1280; x_wconf 89' lang='lat' dir='ltr'>dari</span> <span class='ocrx_word' id='word_1_36' title='bbox 695 1215 830 1298; x_wconf 88' lang='lat' dir='ltr'>quidem,</span> <span class='ocrx_word' id='word_1_37' title='bbox 853 1215 967 1280; x_wconf 87' lang='lat' dir='ltr'>ueluti:</span> <span class='ocrx_word' id='word_1_38' title='bbox 991 1213 1209 1296; x_wconf 83' lang='lat' dir='ltr'>spondesne</span> 
     </span>
     <span class='ocr_line' id='line_1_7' title="bbox 92 1333 1243 1415; baseline -0.009 -15"><span class='ocrx_word' id='word_1_39' title='bbox 92 1336 177 1401; x_wconf 88' lang='lat' dir='ltr'>dare</span> <span class='ocrx_word' id='word_1_40' title='bbox 200 1336 294 1400; x_wconf 92' lang='lat' dir='ltr'>mihi</span> <span class='ocrx_word' id='word_1_41' title='bbox 316 1354 455 1402; x_wconf 91' lang='lat' dir='ltr'>aureos</span> <span class='ocrx_word' id='word_1_42' title='bbox 478 1335 659 1401; x_wconf 84' lang='lat' dir='ltr'>centum?</span> <span class='ocrx_word' id='word_1_43' title='bbox 687 1333 778 1399; x_wconf 86' lang='lat' dir='ltr'>lieri</span> <span class='ocrx_word' id='word_1_44' title='bbox 801 1338 923 1412; x_wconf 88' lang='lat' dir='ltr'>autem,</span> <span class='ocrx_word' id='word_1_45' title='bbox 946 1333 1060 1399; x_wconf 91' lang='lat' dir='ltr'>ueluti:</span> <span class='ocrx_word' id='word_1_46' title='bbox 1091 1339 1243 1415; x_wconf 82' lang='lat' dir='ltr'>spon-o</span> 
     </span>
     <span class='ocr_line' id='line_1_8' title="bbox 92 1453 1210 1536; baseline -0.002 -16"><span class='ocrx_word' id='word_1_47' title='bbox 92 1455 201 1521; x_wconf 86' lang='lat' dir='ltr'>desne</span> <span class='ocrx_word' id='word_1_48' title='bbox 225 1455 449 1522; x_wconf 80' lang='lat' dir='ltr'>aedificare</span> <span class='ocrx_word' id='word_1_49' title='bbox 471 1455 569 1520; x_wconf 94' lang='lat' dir='ltr'>mihi</span> <span class='ocrx_word' id='word_1_50' title='bbox 591 1453 765 1520; x_wconf 85' lang='lat' dir='ltr'>domurn?</span> <span class='ocrx_word' id='word_1_51' title='bbox 787 1473 824 1519; x_wconf 84' lang='lat' dir='ltr'>ex</span> <span class='ocrx_word' id='word_1_52' title='bbox 846 1453 998 1526; x_wconf 87' lang='lat' dir='ltr'>eiusmodi</span> <span class='ocrx_word' id='word_1_53' title='bbox 1021 1453 1210 1536; x_wconf 79' lang='lat' dir='ltr'>ongationc</span> 
     </span>
     <span class='ocr_line' id='line_1_9' title="bbox 92 1573 1211 1658; baseline -0.001 -19"><span class='ocrx_word' id='word_1_54' title='bbox 92 1575 165 1640; x_wconf 86' lang='lat' dir='ltr'>duae</span> <span class='ocrx_word' id='word_1_55' title='bbox 192 1574 436 1658; x_wconf 90' lang='lat' dir='ltr'>proficiscuntur</span> <span class='ocrx_word' id='word_1_56' title='bbox 463 1577 618 1656; x_wconf 88' lang='lat' dir='ltr'>actiones,</span> <span class='ocrx_word' id='word_1_57' title='bbox 653 1575 848 1641; x_wconf 90' lang='lat' dir='ltr'>condictio</span> <span class='ocrx_word' id='word_1_58' title='bbox 876 1580 972 1657; x_wconf 83' lang='lat' dir='ltr'>atque</span> <span class='ocrx_word' id='word_1_59' title='bbox 1005 1593 1049 1640; x_wconf 85' lang='lat' dir='ltr'>ex</span> <span class='ocrx_word' id='word_1_60' title='bbox 1077 1573 1211 1656; x_wconf 87' lang='lat' dir='ltr'>stipu-</span> 
     </span>
     <span class='ocr_line' id='line_1_10' title="bbox 92 1693 1211 1780; baseline -0.002 -20"><span class='ocrx_word' id='word_1_61' title='bbox 92 1696 181 1761; x_wconf 89' lang='lat' dir='ltr'>latu.</span> <span class='ocrx_word' id='word_1_62' title='bbox 229 1716 302 1762; x_wconf 91' lang='lat' dir='ltr'>nam</span> <span class='ocrx_word' id='word_1_63' title='bbox 331 1697 359 1762; x_wconf 90' lang='lat' dir='ltr'>si</span> <span class='ocrx_word' id='word_1_64' title='bbox 387 1701 508 1764; x_wconf 90' lang='lat' dir='ltr'>certum</span> <span class='ocrx_word' id='word_1_65' title='bbox 530 1702 579 1763; x_wconf 88' lang='lat' dir='ltr'>est</span> <span class='ocrx_word' id='word_1_66' title='bbox 609 1697 695 1780; x_wconf 91' lang='lat' dir='ltr'>quod</span> <span class='ocrx_word' id='word_1_67' title='bbox 716 1697 748 1761; x_wconf 92' lang='lat' dir='ltr'>in</span> <span class='ocrx_word' id='word_1_68' title='bbox 769 1695 1003 1778; x_wconf 83' lang='lat' dir='ltr'>stipulationem</span> <span class='ocrx_word' id='word_1_69' title='bbox 1025 1698 1075 1760; x_wconf 90' lang='lat' dir='ltr'>est</span> <span class='ocrx_word' id='word_1_70' title='bbox 1097 1693 1211 1759; x_wconf 92' lang='lat' dir='ltr'>deduc·</span> 
     </span>
     <span class='ocr_line' id='line_1_11' title="bbox 93 1812 1212 1898; baseline -0.001 -19"><span class='ocrx_word' id='word_1_71' title='bbox 93 1819 168 1893; x_wconf 88' lang='lat' dir='ltr'>tum,</span> <span class='ocrx_word' id='word_1_72' title='bbox 204 1815 410 1882; x_wconf 85' lang='lat' dir='ltr'>condictio</span> <span class='ocrx_word' id='word_1_73' title='bbox 444 1816 607 1898; x_wconf 91' lang='lat' dir='ltr'>competit:</span> <span class='ocrx_word' id='word_1_74' title='bbox 643 1816 706 1881; x_wconf 90' lang='lat' dir='ltr'>dixi</span> <span class='ocrx_word' id='word_1_75' title='bbox 735 1815 832 1880; x_wconf 89' lang='lat' dir='ltr'>enim:</span> <span class='ocrx_word' id='word_1_76' title='bbox 865 1812 1087 1896; x_wconf 87' lang='lat' dir='ltr'>spondcsue</span> <span class='ocrx_word' id='word_1_77' title='bbox 1121 1813 1212 1878; x_wconf 87' lang='lat' dir='ltr'>dare</span> 
     </span>
    </p>

    <p class='ocr_par' dir='ltr' id='par_1_4' title="bbox 58 1932 1264 2394">
     <span class='ocr_line' id='line_1_12' title="bbox 58 1932 1264 2002; baseline 0 -5"><span class='ocrx_word' id='word_1_78' title='bbox 58 1987 62 1995; x_wconf 96' lang='lat'>.</span> <span class='ocrx_word' id='word_1_79' title='bbox 91 1935 173 2000; x_wconf 90' lang='lat' dir='ltr'>mihi</span> <span class='ocrx_word' id='word_1_80' title='bbox 194 1935 294 2001; x_wconf 91' lang='lat' dir='ltr'>hunc</span> <span class='ocrx_word' id='word_1_81' title='bbox 315 1935 478 2001; x_wconf 87' lang='lat' dir='ltr'>fundum</span> <span class='ocrx_word' id='word_1_82' title='bbox 507 1937 557 2002; x_wconf 92' lang='lat' dir='ltr'>uel</span> <span class='ocrx_word' id='word_1_83' title='bbox 584 1935 683 2000; x_wconf 92' lang='lat' dir='ltr'>hunc</span> <span class='ocrx_word' id='word_1_84' title='bbox 710 1934 877 1999; x_wconf 80' lang='lat' dir='ltr'>librum?</span> <span class='ocrx_word' id='word_1_85' title='bbox 904 1932 938 1997; x_wconf 85' lang='lat' dir='ltr'>Si</span> <span class='ocrx_word' id='word_1_86' title='bbox 960 1951 1036 2000; x_wconf 91' lang='lat' dir='ltr'>uero</span> <span class='ocrx_word' id='word_1_87' title='bbox 1058 1933 1213 1998; x_wconf 88' lang='lat' dir='ltr'>incertum</span> <span class='ocrx_word' id='word_1_88' title='bbox 1233 1935 1264 1987; x_wconf 90' lang='lat'>1⁰</span> 
     </span>
     <span class='ocr_line' id='line_1_13' title="bbox 92 2053 1213 2139; baseline -0.004 -19"><span class='ocrx_word' id='word_1_89' title='bbox 92 2055 129 2120; x_wconf 88' lang='lat' dir='ltr'>sit</span> <span class='ocrx_word' id='word_1_90' title='bbox 152 2055 232 2139; x_wconf 87' lang='lat' dir='ltr'>(dixi</span> <span class='ocrx_word' id='word_1_91' title='bbox 256 2056 353 2121; x_wconf 91' lang='lat' dir='ltr'>enim:</span> <span class='ocrx_word' id='word_1_92' title='bbox 382 2056 600 2139; x_wconf 87' lang='lat' dir='ltr'>spondesne</span> <span class='ocrx_word' id='word_1_93' title='bbox 627 2055 723 2120; x_wconf 89' lang='lat' dir='ltr'>dare</span> <span class='ocrx_word' id='word_1_94' title='bbox 750 2053 845 2119; x_wconf 90' lang='lat' dir='ltr'>mihi</span> <span class='ocrx_word' id='word_1_95' title='bbox 867 2072 964 2136; x_wconf 89' lang='lat' dir='ltr'>quae</span> <span class='ocrx_word' id='word_1_96' title='bbox 989 2053 1027 2118; x_wconf 91' lang='lat' dir='ltr'>in</span> <span class='ocrx_word' id='word_1_97' title='bbox 1050 2072 1140 2118; x_wconf 86' lang='lat' dir='ltr'>arca</span> <span class='ocrx_word' id='word_1_98' title='bbox 1161 2053 1213 2119; x_wconf 90' lang='lat' dir='ltr'>uel</span> 
     </span>
     <span class='ocr_line' id='line_1_14' title="bbox 91 2173 1212 2258; baseline -0.004 -18"><span class='ocrx_word' id='word_1_99' title='bbox 91 2176 240 2255; x_wconf 90' lang='lat' dir='ltr'>quaein</span> <span class='ocrx_word' id='word_1_100' title='bbox 262 2177 405 2242; x_wconf 93' lang='lat' dir='ltr'>horreo</span> <span class='ocrx_word' id='word_1_101' title='bbox 421 2176 554 2258; x_wconf 69' lang='lat' dir='ltr'>sonti)</span> <span class='ocrx_word' id='word_1_102' title='bbox 569 2180 645 2240; x_wconf 91' lang='lat' dir='ltr'>tunc</span> <span class='ocrx_word' id='word_1_103' title='bbox 660 2174 767 2240; x_wconf 92' lang='lat' dir='ltr'>actio</span> <span class='ocrx_word' id='word_1_104' title='bbox 783 2193 827 2238; x_wconf 84' lang='lat' dir='ltr'>ex</span> <span class='ocrx_word' id='word_1_105' title='bbox 842 2173 1047 2257; x_wconf 84' lang='lat' dir='ltr'>stipulatu</span> <span class='ocrx_word' id='word_1_106' title='bbox 1062 2173 1212 2238; x_wconf 86' lang='lat' dir='ltr'>nascitur.</span> 
     </span>
     <span class='ocr_line' id='line_1_15' title="bbox 91 2293 1213 2394; baseline -0.001 -36"><span class='ocrx_word' id='word_1_107' title='bbox 91 2295 300 2377; x_wconf 90' lang='lat' dir='ltr'>stipulatio</span> <span class='ocrx_word' id='word_1_108' title='bbox 324 2301 430 2362; x_wconf 87' lang='lat' dir='ltr'>autern</span> <span class='ocrx_word' id='word_1_109' title='bbox 452 2296 498 2360; x_wconf 88' lang='lat' dir='ltr'>ita</span> <span class='ocrx_word' id='word_1_110' title='bbox 520 2300 668 2394; x_wconf 75' lang='lat' dir='ltr'>uocatur,</span> <span class='ocrx_word' id='word_1_111' title='bbox 698 2295 772 2376; x_wconf 88' lang='lat' dir='ltr'>quia</span> <span class='ocrx_word' id='word_1_112' title='bbox 799 2293 884 2376; x_wconf 84' lang='lat' dir='ltr'>apud</span> <span class='ocrx_word' id='word_1_113' title='bbox 906 2297 1030 2358; x_wconf 89' lang='lat' dir='ltr'>ueteres</span> <span class='ocrx_word' id='word_1_114' title='bbox 1061 2293 1213 2375; x_wconf 73' lang='lat' dir='ltr'>«stipu-</span> 
     </span>
    </p>

    <p class='ocr_par' dir='ltr' id='par_1_5' title="bbox 58 2412 1266 3098">
     <span class='ocr_line' id='line_1_16' title="bbox 58 2412 1211 2497; baseline -0.003 -17"><span class='ocrx_word' id='word_1_115' title='bbox 58 2419 74 2468; x_wconf 85' lang='lat'>1·</span> <span class='ocrx_word' id='word_1_116' title='bbox 90 2415 186 2480; x_wconf 90' lang='lat' dir='ltr'>lum«</span> <span class='ocrx_word' id='word_1_117' title='bbox 215 2416 380 2482; x_wconf 89' lang='lat' dir='ltr'>dicebatur</span> <span class='ocrx_word' id='word_1_118' title='bbox 393 2415 528 2494; x_wconf 88' lang='lat' dir='ltr'>firmum,</span> <span class='ocrx_word' id='word_1_119' title='bbox 552 2435 571 2480; x_wconf 87' lang='lat' dir='ltr'>a</span> <span class='ocrx_word' id='word_1_120' title='bbox 593 2415 700 2497; x_wconf 90' lang='lat' dir='ltr'>stipe</span> <span class='ocrx_word' id='word_1_121' title='bbox 721 2415 870 2478; x_wconf 91' lang='lat' dir='ltr'>nimirum</span> <span class='ocrx_word' id='word_1_122' title='bbox 892 2413 1093 2480; x_wconf 88' lang='lat' dir='ltr'>descendens.</span> <span class='ocrx_word' id='word_1_123' title='bbox 1131 2412 1211 2478; x_wconf 90' lang='lat' dir='ltr'>1.1n</span> 
     </span>
     <span class='ocr_line' id='line_1_17' title="bbox 89 2532 1266 2618; baseline -0.002 -20"><span class='ocrx_word' id='word_1_124' title='bbox 89 2533 144 2600; x_wconf 85' lang='lat' dir='ltr'>hac</span> <span class='ocrx_word' id='word_1_125' title='bbox 165 2535 359 2617; x_wconf 87' lang='lat' dir='ltr'>obligatione</span> <span class='ocrx_word' id='word_1_126' title='bbox 382 2535 545 2618; x_wconf 88' lang='lat' dir='ltr'>complura</span> <span class='ocrx_word' id='word_1_127' title='bbox 560 2535 638 2600; x_wconf 83' lang='lat' dir='ltr'>tolia</span> <span class='ocrx_word' id='word_1_128' title='bbox 653 2533 751 2600; x_wconf 89' lang='lat' dir='ltr'>uerbo</span> <span class='ocrx_word' id='word_1_129' title='bbox 773 2533 893 2598; x_wconf 87' lang='lat' dir='ltr'>tradita</span> <span class='ocrx_word' id='word_1_130' title='bbox 914 2538 997 2611; x_wconf 88' lang='lat' dir='ltr'>sunt,</span> <span class='ocrx_word' id='word_1_131' title='bbox 1021 2533 1136 2615; x_wconf 88' lang='lat' dir='ltr'>quibus</span> <span class='ocrx_word' id='word_1_132' title='bbox 1158 2532 1214 2597; x_wconf 91' lang='lat' dir='ltr'>sti·</span> <span class='ocrx_word' id='word_1_133' title='bbox 1226 2537 1266 2587; x_wconf 81' lang='lat'>·1⁵</span> 
     </span>
     <span class='ocr_line' id='line_1_18' title="bbox 89 2651 1215 2737; baseline -0.003 -18"><span class='ocrx_word' id='word_1_134' title='bbox 89 2655 264 2736; x_wconf 89' lang='lat' dir='ltr'>pulationes</span> <span class='ocrx_word' id='word_1_135' title='bbox 293 2655 419 2722; x_wconf 88' lang='lat' dir='ltr'>fierent:</span> <span class='ocrx_word' id='word_1_136' title='bbox 457 2655 678 2737; x_wconf 78' lang='lat' dir='ltr'>»spondesl</span> <span class='ocrx_word' id='word_1_137' title='bbox 707 2653 925 2736; x_wconf 76' lang='lat' dir='ltr'>spondeo«,</span> <span class='ocrx_word' id='word_1_138' title='bbox 964 2651 1215 2735; x_wconf 80' lang='lat' dir='ltr'>»promittisl</span> 
     </span>
     <span class='ocr_line' id='line_1_19' title="bbox 87 2770 1215 2858; baseline -0.002 -19"><span class='ocrx_word' id='word_1_139' title='bbox 87 2776 315 2855; x_wconf 84' lang='lat' dir='ltr'>promitto«,</span> <span class='ocrx_word' id='word_1_140' title='bbox 353 2775 707 2858; x_wconf 76' lang='lat' dir='ltr'>«fideipromittisl</span> <span class='ocrx_word' id='word_1_141' title='bbox 739 2773 1078 2856; x_wconf 89' lang='lat' dir='ltr'>fideipromitto«,</span> <span class='ocrx_word' id='word_1_142' title='bbox 1111 2770 1215 2837; x_wconf 83' lang='lat' dir='ltr'>»lide</span> 
     </span>
     <span class='ocr_line' id='line_1_20' title="bbox 87 2891 1206 2973; baseline -0.003 -15"><span class='ocrx_word' id='word_1_143' title='bbox 87 2893 487 2973; x_wconf 75' lang='lat' dir='ltr'>iubeslfideiubeo«,</span> <span class='ocrx_word' id='word_1_144' title='bbox 506 2893 665 2960; x_wconf 79' lang='lat' dir='ltr'>»dabis‘l</span> <span class='ocrx_word' id='word_1_145' title='bbox 681 2893 825 2972; x_wconf 88' lang='lat' dir='ltr'>dabo«,</span> <span class='ocrx_word' id='word_1_146' title='bbox 846 2891 1024 2958; x_wconf 67' lang='lat' dir='ltr'>»faciest</span> <span class='ocrx_word' id='word_1_147' title='bbox 1039 2891 1206 2956; x_wconf 80' lang='lat' dir='ltr'>faciam«</span> 
     </span>
     <span class='ocr_line' id='line_1_21' title="bbox 87 3012 1209 3098; baseline 0 -22"><span class='ocrx_word' id='word_1_148' title='bbox 87 3018 117 3076; x_wconf 86' lang='lat' dir='ltr'>at</span> <span class='ocrx_word' id='word_1_149' title='bbox 138 3014 194 3078; x_wconf 88' lang='lat' dir='ltr'>illc</span> <span class='ocrx_word' id='word_1_150' title='bbox 217 3016 380 3098; x_wconf 88' lang='lat' dir='ltr'>stipulatio</span> <span class='ocrx_word' id='word_1_151' title='bbox 415 3015 635 3098; x_wconf 78' lang='lat' dir='ltr'>»spondesl</span> <span class='ocrx_word' id='word_1_152' title='bbox 667 3013 863 3096; x_wconf 79' lang='lat' dir='ltr'>spondeo«</span> <span class='ocrx_word' id='word_1_153' title='bbox 896 3012 1057 3094; x_wconf 87' lang='lat' dir='ltr'>nequibat</span> <span class='ocrx_word' id='word_1_154' title='bbox 1079 3013 1110 3075; x_wconf 94' lang='lat' dir='ltr'>in</span> <span class='ocrx_word' id='word_1_155' title='bbox 1133 3029 1209 3093; x_wconf 89' lang='lat' dir='ltr'>grae</span> 
     </span>
    </p>
   </div>
   <div class='ocr_carea' id='block_1_4' title="bbox 0 0 1582 5334">
    <p class='ocr_par' dir='ltr' id='par_1_6' title="bbox 0 0 1582 5334">
     <span class='ocr_line' id='line_1_22' title="bbox 0 0 1582 5334; baseline 0 0"><span class='ocrx_word' id='word_1_156' title='bbox 0 0 1582 5334; x_wconf 95' lang='lat' dir='ltr'> </span> 
     </span>
    </p>
   </div>
  </div>
 </body>
</html>
