3164 5338
497 390 738 453 -374-

74 564 110 646 ci,
131 563 178 643 qui
192 582 249 646 per
263 581 403 627 errorem
419 563 524 644 soluit,
549 562 642 628 datur
655 563 821 647 repetendi
836 564 980 628 facultas.
1014 569 1175 646 receptum

79 694 119 752 est
139 686 214 752 enim
239 687 324 770 apud
346 693 485 770 ueteres,
511 687 688 768 exquibus
712 687 817 753 causis
846 687 1008 752 infitiando
1036 687 1176 753 debitum

78 812 216 894 duplatur,
242 831 282 875 ex
304 811 353 876 his
369 811 475 876 causis
490 831 554 876 non
570 811 710 876 debitum
727 811 863 876 solutum
879 811 981 895 repeti
995 831 1058 877 non
1073 831 1176 896 posse,

76 935 161 999 ueluti
182 955 222 1000 ex
249 935 320 1018 lege
344 936 481 1017 Aquilia.
527 936 555 1000 si
584 935 667 1001 onim
695 936 765 1018 quic
792 936 869 1000 mihi
896 936 999 1002 sciens
1029 936 1176 1000 damnum

70 1059 191 1141 adierat,
227 1079 297 1124 cum
321 1080 358 1124 eo
388 1080 428 1124 ex
455 1061 526 1143 lege
554 1061 683 1142 Aquilia
706 1061 809 1126 habeo
834 1061 1003 1127 actionem:
1041 1060 1177 1142 quodsi
1214 1075 1229 1126 5

74 1184 133 1264 quis
154 1191 337 1266 conuentus,
361 1191 396 1250 ιιι
411 1185 487 1249 mihi
504 1185 652 1249 damnum
668 1185 798 1267 reficiat,
824 1205 858 1249 se
875 1185 1047 1266 quidquam
1060 1184 1176 1249 debore

68 1308 223 1390 infitietur,
248 1308 362 1374 deinde
386 1309 606 1391 conuincatur,
631 1309 760 1394 duplum
784 1310 888 1374 soluit.
935 1309 962 1374 si
990 1308 1060 1390 quis
1088 1327 1175 1391 ergo,

69 1432 119 1512 ¹qui
138 1433 257 1496 nullum
280 1433 428 1497 damnum
452 1434 628 1516 adtulisset,
652 1435 734 1498 falso
759 1434 928 1499 arbitratus
945 1433 978 1497 id
1001 1453 1035 1498 sa
1051 1432 1175 1515 fecisse,

72 1556 232 1621 indebitum
254 1559 365 1641 soluat,
394 1557 501 1623 datum
522 1579 585 1624 non
611 1559 733 1642 repetit.
766 1559 850 1623 idem
877 1558 1024 1623 dicebant
1051 1564 1177 1622 ueteres

71 1680 97 1744 in
130 1681 176 1746 his
222 1702 348 1764 quoque
391 1683 507 1766 legatis
550 1683 654 1747 locum
693 1683 826 1766 habere,
869 1703 951 1764 quae
995 1689 1082 1747 certa
1120 1701 1177 1766 per
1199 1695 1231 1746 10

71 1805 292 1871 damnationem
327 1807 512 1889 cuicumque
550 1808 685 1872 fuissent
722 1808 842 1874 relicta.
893 1813 1035 1872 certum
1071 1813 1177 1871 autem

69 1929 197 2012 legatum
227 1937 289 2012 est,
323 1932 351 1996 si
386 1932 506 1996 dicam:
543 1932 688 1996 ‘damno
718 1937 771 2014 te,
801 1933 924 2012 herae,
957 1931 1018 1996 illi
1045 1937 1085 1995 ιιι
1112 1930 1177 1996 des

64 2073 194 2120 aureos
220 2058 386 2120 centum’.
424 2077 497 2120 nam
521 2057 549 2120 si
572 2057 690 2121 dicam:
715 2057 858 2121 ‘damno
881 2062 919 2121 te
935 2063 974 2120 ιιι
997 2056 1063 2120 des
1080 2074 1177 2137 quae

69 2177 99 2240 in
120 2199 208 2244 arca
231 2183 337 2264 sunt',
367 2201 436 2245 cum
463 2201 527 2246 non
555 2181 596 2246 sit
624 2181 794 2245 manifesta
822 2181 995 2262 quantitas,
1025 2181 1177 2245 incertum

68 2301 198 2384 legatum
235 2311 291 2368 est.
336 2305 369 2370 in
403 2306 451 2370 his
485 2325 576 2388 ergo,
613 2326 694 2387 quae
730 2326 787 2390 per
821 2305 1055 2370 damnationem
1091 2311 1229 2369 certa15

62 2426 254 2512 legarentur,
281 2430 372 2494 heres
397 2430 450 2510 qui
473 2429 624 2494 infitiatus
647 2430 759 2494 fuisset
787 2450 857 2494 sese
886 2430 1016 2511 debere,
1048 2429 1177 2513 duplum

68 2552 222 2635 soluebat3
248 2555 333 2634 quod
349 2554 377 2618 si
392 2561 503 2618 contra
525 2575 589 2619 non
605 2554 735 2620 deberet
751 2562 782 2619 ct
797 2574 855 2638 per
871 2573 1008 2618 errorem
1027 2559 1178 2635 tanquam

67 2674 177 2742 debens
201 2679 349 2760 solueret,
373 2685 516 2763 repetere
536 2699 600 2744 non
623 2683 755 2763 poterat
787 2678 942 2762 Principis
959 2685 1064 2742 autem
1079 2679 1179 2744 nostri
1277 2730 1278 2733 ,

66 2802 255 2885 constitutio,
296 2824 366 2869 cum
405 2824 500 2868 unam
534 2810 680 2868 naturam
714 2803 829 2886 legatis
863 2809 895 2868 et
928 2802 1177 2868 fideicommissis

61 2922 224 3008 definierit,
242 2927 486 3011 duplicationem
502 2948 560 3012 per
574 2928 793 2994 infitiationem
808 2928 841 2992 iu
856 2927 971 3011 legatis
986 2948 1049 2992 non
1065 2928 1176 3010 solum,
1197 2938 1231 2989 20
1348 3006 1354 3022 ὖ

58 3055 106 3112 set
128 3051 226 3116 etiam
249 3052 282 3116 in
304 3052 533 3134 fideicomissis,
558 3053 686 3118 extendi
701 3053 797 3135 iubet,
823 3059 856 3118 at
878 3073 941 3117 non
956 3073 1013 3136 pro
1034 3052 1178 3116 omnibus

63 3170 237 3258 legatariis3
263 3182 312 3242 set
335 3163 368 3241 in
391 3177 440 3242 his
463 3183 583 3242 tanturn
606 3176 721 3260 legatis
748 3182 780 3241 et
801 3176 1065 3258 fideicommissis,
1095 3197 1178 3257 quac

58 3300 265 3366 sanctissimis
282 3302 425 3366 ecelesiis
449 3303 625 3383 ceterisque
648 3301 884 3367 uenerabilibus
901 3302 978 3366 locis
998 3301 1178 3382 relinquun-

61 3426 119 3504 tur,
144 3445 230 3506 quae
247 3426 378 3492 colimur
394 3426 557 3509 religionis
577 3427 631 3491 uel
646 3427 774 3510 piatatis
791 3426 913 3492 intuitu.
949 3427 976 3504 si
994 3445 1083 3508 uero,
1108 3446 1177 3490 cum

61 3547 176 3612 nullum
193 3549 235 3614 sit
246 3549 423 3616 uenerabili
439 3551 509 3615 loco
525 3551 665 3634 legatum
681 3550 999 3616 fideicommissumue
1022 3551 1176 3632 relictum,
1197 3569 1230 3620 25
