3370 5350
582 397 813 460 -276-

143 582 181 646 lio
211 583 401 663 praemortui
435 582 542 650 fratris
576 583 679 666 potior
713 585 774 650 erit
807 589 917 666 utpote
949 583 1148 666 adgnatiouis
1187 583 1256 648 iura

142 719 176 766 ex
214 703 435 768 constitutione
477 703 601 784 adepta.
660 703 737 768 illud
775 721 851 768 uero
894 703 963 767 ain
1004 702 1168 785 capita«
1211 704 1256 768 ita

141 826 197 884 est:
236 826 271 884 ut
315 839 405 896 ecce,
450 822 581 901 contigit
618 839 666 886 me
698 820 882 886 intestatum
922 824 1013 902 mori,
1063 825 1255 902 praemortui

140 937 243 1004 fratris
288 945 320 1004 et
360 947 578 1022 praemortuae
622 941 738 1006 sororis
782 939 861 1006 filios
905 940 1140 1022 relinquentem.
1207 951 1256 1006 set

139 1056 243 1122 fratris
267 1057 393 1138 quidem
416 1066 505 1124 eraut
527 1055 577 1121 III
599 1059 649 1124 uel
677 1061 769 1124 etiam
793 1059 874 1140 1111;
902 1059 1019 1126 sororis
1045 1069 1151 1126 antem
1174 1081 1255 1127 unus
1290 1059 1307 1110 ⁵

140 1179 301 1244 ueletiam
326 1176 365 1243 11.
410 1198 471 1244 non
494 1183 618 1260 oportet
640 1181 742 1246 dicere
765 1179 880 1246 sororis
902 1178 982 1245 filios
1005 1181 1162 1246 dimidiam
1187 1200 1256 1264 par-

139 1305 206 1376 tem,
229 1297 338 1364 fratris
366 1317 441 1364 uero
472 1300 604 1366 alteram
633 1299 791 1366 dimidiam
821 1302 986 1382 consequi;
1016 1311 1065 1366 set
1094 1303 1125 1366 in
1154 1303 1256 1382 capita

139 1417 246 1484 diuisio
271 1418 316 1498 fit,
339 1425 435 1504 atque
461 1419 569 1486 fratris
591 1419 645 1485 filii
667 1440 737 1486 cum
760 1419 826 1484 IIII
848 1422 926 1499 sint,
957 1427 1108 1504 quattuor
1129 1422 1256 1502 capiunt

101 1549 121 1598 a.
138 1545 256 1616 partes;
279 1539 396 1604 sororis
417 1557 495 1604 uero
517 1557 587 1605 cum
609 1540 671 1604 duo
694 1539 766 1616 sint,
792 1539 820 1604 11
842 1546 947 1620 partes
970 1541 1095 1606 habent.
1120 1543 1150 1606 5.
1173 1541 1255 1606 Mor·

137 1664 206 1721 tuus
228 1657 427 1739 estquidam
450 1657 632 1736 intestatus,
656 1659 797 1739 pluribus
818 1659 970 1754 adgnatis
999 1658 1117 1724 diuersi
1138 1660 1255 1741 gradus
1276 1671 1307 1723 10

137 1777 331 1853 extantibusz,
353 1775 403 1842 lex
424 1773 486 1841 x11
507 1775 685 1843 tabularum
708 1779 881 1860 proximum
905 1785 1006 1844 uocat.
1036 1780 1143 1861 itaque
1166 1780 1255 1846 uerbi

135 1898 234 1976 gratia
256 1898 284 1960 si
307 1896 404 1962 frater
427 1896 565 1962 defuncti
592 1897 730 1978 supersit
758 1897 1012 1980 praemortuique
1033 1898 1139 1964 fratris
1161 1898 1253 1976 filius,

136 2015 301 2080 ueletiam
334 2022 481 2097 patruus,
510 2017 612 2096 potior
639 2019 700 2083 erit
727 2017 841 2094 frater,
872 2037 941 2083 cum
969 2018 1019 2084 hic
1041 2018 1185 2096 secundi,
1209 2017 1253 2084 illi

136 2153 206 2199 uero
230 2135 319 2200 tertii
341 2137 404 2200 sint
425 2135 552 2216 gradus.
604 2155 664 2202 non
688 2138 779 2202 modo
809 2144 914 2202 autem
944 2157 1012 2202 cum
1040 2157 1122 2202 unus
1151 2138 1254 2220 proxi·

131 2271 199 2318 mus
222 2255 266 2318 sit
288 2256 327 2319 ad
351 2255 556 2321 hereditatem
579 2253 718 2321 defuncti
739 2263 888 2335 uocatur,
912 2265 960 2322 set
982 2256 1076 2324 etiam
1099 2260 1124 2322 si
1147 2260 1254 2340 plures
1274 2261 1306 2312 15

135 2371 273 2438 eiusdem
297 2376 427 2454 proximi
449 2375 564 2457 gradus
591 2375 671 2453 sint,
699 2377 803 2441 cuncti
831 2376 948 2441 adeunt
975 2376 1083 2453 simul,
1111 2381 1253 2458 quamuis

134 2511 260 2558 numero
286 2493 436 2576 singulari
458 2493 508 2560 lex
531 2495 692 2560 duodecim
714 2493 892 2560 tabularum
923 2514 980 2560 usa
1008 2497 1108 2562 dicet:
1141 2516 1253 2580 »pro-

133 2614 269 2678 ximum
293 2614 514 2694 praefero«,
537 2635 598 2682 nou
621 2635 712 2690 uero:
738 2615 991 2698 »proximos«.
1019 2615 1117 2698 igitur
1140 2617 1166 2681 si
1189 2625 1253 2682 tres

134 2731 194 2798 sint
215 2732 364 2799 defuncto
387 2733 500 2800 fratres
523 2743 618 2818 atque
639 2737 732 2800 unius
753 2734 947 2818 praemortui
961 2733 1052 2813 filius,
1076 2733 1126 2798 111
1140 2733 1253 2802 fratres

133 2850 270 2916 defuncti
286 2852 490 2920 hereditatem
506 2856 629 2936 capient
644 2853 750 2918 fratris
767 2852 829 2918 filio
850 2853 950 2919 habiti
965 2855 1113 2936 potiores.
1137 2861 1169 2920 et
1183 2873 1249 2919 rur·
1271 2872 1305 2922 20

134 2988 183 3036 sus
204 2973 293 3052 quod
314 2973 346 3035 in
370 2973 428 3037 XII
454 2975 698 3054 »proximus«
719 2973 842 3055 dicitur,
857 2972 890 3037 id
906 2971 1101 3054 potissimum
1117 2970 1251 3054 plurium

133 3090 285 3168 graduum
307 3090 570 3172 comparationem
593 3092 740 3164 ostendit,
762 3099 819 3168 set,
843 3091 986 3172 quamuis
1002 3092 1033 3156 id
1050 3089 1135 3156 uocis
1158 3090 1252 3171 signi·

131 3205 232 3274 ficatio
256 3209 383 3285 indicet,
406 3217 527 3289 tamen,
555 3211 580 3274 si
604 3209 656 3278 uel
678 3230 758 3276 unus
788 3218 872 3278 extet
900 3213 1033 3294 gradus,
1063 3211 1252 3276 successioni

133 3347 168 3392 en
187 3328 252 3394 XII
277 3331 391 3396 tabulis
414 3331 500 3398 locus
522 3330 566 3395 fit.
611 3338 645 3396 ut
668 3350 739 3398 cccc
761 3339 902 3396 mortuus
933 3338 982 3396 est
1008 3331 1078 3413 quis
1105 3337 1253 3412 patruum
