3384 5314
830 399 1070 464 -472-

390 596 444 636 ται
468 571 505 636 δὲ
520 569 558 637 τὸ
575 575 743 660 εἰρημένον
758 573 813 639 ἐπὶ
828 573 945 639 τούτου
960 581 1019 639 τοῦ
1033 577 1183 656 θέματος.
1201 537 1204 558 Ι
1224 571 1353 637 πυίκτον
1369 573 1506 657 ἐποίησα

390 681 436 767 τῷ
463 676 528 767 ἕμῴ
558 681 702 756 debitori,
730 677 782 745 ὅτι
809 679 868 746 οδκ
895 678 1061 767 ἀπαιτήσω
1089 678 1189 746 αὐτὸν
1220 679 1257 746 τὸ
1286 679 1386 764 χρέος.
1425 677 1505 762 μετὰ

391 785 509 873 χρόνον
531 784 602 851 τινά
627 787 645 852 ὅ
669 789 799 853 debitor
827 787 876 874 ἢ)
905 786 940 852 ἐν
967 787 1104 874 είπορίᾳ
1133 785 1303 870 γενόμενος
1330 787 1462 873 χρυσίου
1484 811 1504 870 η

390 895 446 958 καὶ
472 891 570 975 τυχδν
597 893 788 970 ὀνειδισθεὶς
817 896 898 982 παρ’
925 895 1003 978 ἐμοῦ
1029 893 1049 982 ἢ
1076 896 1128 958 καί
1156 893 1213 976 ἀφ’
1241 893 1349 982 ἑτέρου
1378 891 1507 958 πάκτον

357 999 553 1085 δὲποίησεν,
585 1001 628 1065 ἓν
652 1000 677 1086 ᾧ
706 1001 864 1089 ἐπέτρεψέ
894 1025 950 1084 μοι
980 999 1182 1086 ποιήσασθαι
1213 999 1273 1086 τὴν
1304 1010 1363 1064 τοῦ
1394 1005 1507 1088 χρέους

392 1107 578 1192 ἀπαίτησιν.
635 1105 693 1172 ἐὰν
720 1107 837 1194 κινήσω
865 1105 928 1186 ἐγὼ
957 1111 1028 1189 κατ’
1051 1107 1152 1172 αὐτοῦ
1179 1105 1240 1172 τὸν
1267 1108 1507 1190 oondiotioion²)

391 1211 469 1296 μετδι
493 1212 531 1278 τὸ
555 1219 704 1298 γενέσθαι
726 1212 764 1279 τδ
790 1214 941 1299 δεύτερον
963 1211 1104 1292 πάκτον,
1127 1213 1304 1299 μεταγνοὺς
1328 1215 1365 1278 δὲ
1388 1215 1507 1288 ἐκεῖνος

390 1319 575 1406 ἀντιτίθησί
597 1345 653 1404 μοι
675 1320 733 1408 την
755 1331 813 1387 τοῦ
827 1321 952 1386 ποίκτου
974 1319 1194 1408 παραγραφὴν
1214 1321 1327 1406 λέγων·
1352 1321 1451 1385 »ἀλλ’
1476 1323 1509 1385 εί

390 1425 437 1514 μη
471 1425 623 1492 ποίκτον
656 1426 920 1516 ἐποίησαςςμι)
958 1425 1138 1494 ἀπαιτεῖν
1171 1427 1213 1494 τό
1247 1432 1389 1514 χρέοςι,
1419 1427 1511 1492 δοκεῖ

339 1549 372 1599 10
389 1532 475 1598 κατά
505 1534 639 1622 προίτην
673 1533 756 1622 ὄψιν
790 1535 979 1618 ἐμποδίζειν
1012 1559 1067 1618 μοι
1099 1533 1135 1600 τδ
1169 1534 1297 1600 πάκτον
1330 1533 1415 1620 πρός
1450 1533 1508 1621 τὴν

390 1639 575 1728 ἀπαίτησιν·
600 1640 814 1729 συνεφωνήθη
829 1640 890 1726 γάρ
906 1651 942 1732 τῇ
958 1641 1097 1728 ἀληθείᾳ
1113 1643 1168 1706 καὶ
1184 1642 1270 1724 μένει
1294 1642 1393 1706 οὐδὲν
1409 1640 1508 1728 ίγττον

306 1763 308 1766 ’
389 1747 517 1834 ἀληθές.
563 1746 599 1814 τδ
624 1747 686 1834 γὰρ
711 1749 860 1836 δεύτερον
883 1747 1012 1814 πιίκτον
1036 1748 1076 1814 οὐ
1099 1749 1229 1834 γέγονεν
1257 1751 1326 1834 ipso
1350 1750 1417 1813 iure
1446 1747 1507 1813 τοῦ

390 1859 550 1943 προτέρου
574 1855 783 1943 ἀναιρετικόν.
817 1857 889 1920 ἀλλ’
914 1855 1023 1941 ἐπειδὴ
1048 1853 1164 1921 ἄδικόν
1187 1855 1253 1920 ἐστι
1273 1853 1332 1920 τάν
1349 1859 1508 1921 oreditora-

389 1961 597 2039 ἐξωθεῖσθαι,
622 1963 752 2027 δίδοται
767 1963 856 2050 αὐτῷ
870 1965 1065 2047 replicatiwn
1080 1963 1114 2028 ὲκ
1129 1972 1188 2058 τοτ’)
1204 1963 1354 2050 δευτέρου
1368 1963 1508 2040 πάκτου,

339 2083 370 2133 ib
390 2069 424 2133 ἐν
439 2065 457 2158 ᾗ
473 2088 587 2155 φησιν·
612 2071 714 2135 »ἀλλ’
735 2073 767 2134 εί
789 2068 836 2156 μὴ
862 2067 1046 2157 δεύτερον
1068 2069 1222 2134 πάκτον
1249 2069 1398 2154 ἐγένετο
1422 2069 1506 2133 ἐπι·

389 2176 533 2261 τρίπον
555 2201 620 2260 μοι
642 2175 711 2263 τὴν
733 2177 976 2263 ἀπαίτησινι.
1015 2183 1040 2244 1.
1054 2175 1170 2262 Ὧςπερ
1191 2177 1228 2240 δὲ
1248 2179 1285 2265 τη
1305 2186 1541 2266 παραγραφῇι

389 2281 594 2368 ἀντίκειται3)
617 2286 826 2368 replication,
856 2282 941 2348 οὕτω
969 2285 1022 2348 καὶ
1049 2309 1085 2372 τη
1113 2285 1312 2368 replicationi
1339 2281 1419 2370 οὔση
1449 2284 1510 2366 μὲν

390 2387 515 2476 ἐννόμῳ
532 2387 612 2454 κατοὶ
629 2390 759 2478 προίτην
775 2389 899 2477 ipim),
921 2389 1111 2479 βλαπτούση
1132 2391 1199 2476 δὲῧ)
1216 2388 1252 2455 τδ
1270 2387 1364 2476 φύσει
1381 2389 1509 2454 δίκαιον

390 2493 471 2581 ἄλλη
482 2497 686 2582 ἀντίκειταιθ)
700 2498 900 2582 δικαιολογία
912 2495 1012 2582 δπδΊ)
1028 2499 1088 2561 τοῦ
1104 2503 1170 2580 τίω,
1186 2495 1256 2583 ἥτις
1273 2497 1506 2581 duplioation⁸)

336 2622 370 2671 20
387 2603 667 2689 προσαγορεύεται.
707 2604 778 2669 οἷον
801 2601 936 2690 ἐποίησά
965 2623 1015 2668 σοι
1038 2602 1179 2680 ποίκτον,
1208 2601 1259 2668 ὅτι
1287 2601 1346 2670 οδκ
1374 2601 1507 2667 ἀπαιτοῖ

390 2729 423 2774 σε
445 2710 483 2775 τό
500 2710 604 2798 χροός·
629 2709 699 2796 ool)
725 2709 875 2795 δεύτερον
890 2710 1016 2775 πάκτον
1031 2711 1187 2796 ἐποίησας
1202 2710 1380 2795 ἀποτρέπον
1390 2711 1424 2794 ¹⁰)
1449 2734 1506 2792 μοι

388 2814 449 2902 τήν
471 2816 655 2903 ἀπαίτησιν,
679 2815 742 2902 ἐγώ
766 2819 917 2903 τρίτον11)
943 2815 1117 2904 συγχωρῶν
1139 2815 1176 2883 τὸ
1200 2817 1302 2904 χρέος.
1350 2822 1379 2884 2.
1404 2820 1445 2880 Εἰ
1469 2817 1538 2880 δέν.

388 2925 442 2987 καὶ
464 2922 485 3009 ἡ
509 2925 708 3008 duplioatiwn
732 2924 846 3014 εὑρεθῇ
861 2923 975 2999 ἄδικος
992 2923 1074 2989 οὔσα
1082 2925 1118 3008 12)
1135 2922 1241 3010 φύσει,
1264 2923 1418 3009 χρειώδης
1441 2924 1507 2987 ἐστὶ

388 3041 434 3119 τῷ
456 3033 555 3096 ιἰοίοτί
578 3033 631 3095 καὶ
652 3029 735 3118 πρὸς
758 3030 917 3117 βοήθειαν
939 3029 1021 3117 ἄλλη
1045 3031 1262 3116 δικαιολογία,
1291 3028 1358 3117 ἥτις
1381 3035 1507 3110 λέγεται

336 3155 370 3205 25
388 3140 597 3222 triplicatiwn.
635 3138 760 3204 τούτων
784 3138 821 3202 δέ
844 3141 911 3203 τῶν
934 3140 1164 3225 παραγραφῶν
1179 3136 1240 3224 τὴν
1256 3140 1367 3223 χρῆσιν
1390 3163 1504 3222 περαι-

389 3249 469 3330 τέρω
492 3243 577 3330 ἥπερ
599 3243 768 3332 εἰρήκαμεν
790 3245 811 3332 ἡ
834 3254 902 3310 τῶν
928 3243 1129 3330 πραγμάτων
1152 3244 1279 3309 ἐπενόει
1288 3246 1321 3329 13)
1347 3249 1504 3308 ποικιλία.

390 3349 527 3418 δύναται
550 3351 610 3439 γάρ
634 3351 672 3442 τη)
694 3353 897 3436 triplicationi
913 3353 1193 3436 quadruplicatiwn
1201 3353 1235 3432 11)
1259 3350 1504 3416 ἀνατίθεσθαι.

479 3549 499 3617 1)
519 3547 561 3602 ad.
581 3563 615 3602 ox
634 3549 668 3602 M.
800 3549 821 3617 2)
841 3547 870 3603 τὸ
888 3551 971 3620 χρέος
990 3546 1116 3602 ἀπαιτῶν
1134 3546 1176 3600 ad.
1197 3547 1245 3600 V.:
1266 3545 1392 3602 ἀπαιτῶν
1411 3546 1440 3602 τὸ
1460 3570 1504 3619 χρ.

389 3637 433 3690 Vi.
452 3639 498 3690 R.:
519 3637 567 3705 την
586 3642 633 3693 τοῦ
650 3642 750 3711 χρέους
769 3637 917 3705 ἀπαίτησιν
935 3638 976 3690 ΙιῙ.
1176 3636 1198 3704 3)
1218 3635 1389 3691 ἀντιτίθεται
1407 3636 1452 3689 Vi.
1471 3637 1503 3689 R.

389 3726 412 3794 4)
432 3725 508 3790 τάξιν
526 3728 569 3781 Ll.
588 3728 630 3780 L2.
650 3727 685 3781 V.
705 3727 749 3782 Vi.
768 3727 810 3780 ΓΙ.
830 3728 863 3780 R.
972 3726 993 3781 5l
1012 3741 1073 3779 που.
1094 3725 1180 3780 ‘acaci'
1194 3741 1246 3778 om.
1266 3741 1327 3778 oum
1346 3725 1380 3778 Μ.
1399 3727 1443 3778 Ll.
1462 3724 1502 3777 [τί.

390 3816 411 3883 6)
431 3813 601 3871 ἀντιτίθεται
620 3817 663 3869 Vi.
682 3817 716 3870 R.
779 3815 781 3818 ’
824 3816 846 3882 7)
866 3814 891 3869 d.
910 3815 939 3868 P.
1049 3815 1071 3883 8)
1091 3814 1240 3882 duplicatio
1260 3813 1302 3868 ed.
1323 3817 1504 3885 ῥεπλικατὶων

390 3904 432 3958 ad.
452 3907 494 3958 L1.
514 3906 556 3958 L2.
576 3906 618 3959 Ρ.;
637 3907 802 3974 replicatiwn
820 3905 855 3958 ii,
944 3904 967 3974 9)
987 3907 1017 3960 δὲ
1036 3903 1078 3957 οδ.
1099 3903 1142 3956 Vi.
1162 3904 1195 3956 R.
1292 3902 1502 3970 1⁰)M.L1.P.:

390 3998 441 4048 oet.
463 4017 542 4049 -ων,
626 3995 659 4063 11)
679 3987 759 4056 αὖθις
778 3993 820 4048 ad.
839 3995 870 4048 Ρ.
964 3994 998 4060 11)
1018 3991 1150 4048 ἀδικοῦοα
1168 3991 1202 4046 Μ.
1221 3993 1250 4044 P.
1334 3992 1369 4060 13)
1389 3990 1503 4059 -νίησε

389 4083 433 4136 Vi.
452 4085 485 4138 R.
562 4083 596 4152 14)
615 4083 753 4153 ouadropl.
772 4083 819 4138 M.:
839 4086 1002 4155 κουαδρεπλ.
1021 4083 1064 4136 Ll.
1083 4081 1139 4135 L².:
1159 4099 1268 4155 κουατρ.
1288 4081 1335 4134 V.:
1355 4083 1502 4152 καδρουπλ.

389 4173 433 4226 Vi.
452 4173 481 4226 F.
501 4173 534 4228 R.
