3328 5318
578 371 818 436 -429-

143 551 268 614 domum
283 548 391 613 Doce
408 567 573 612 aureorum
590 543 757 630 acceperit,
781 545 804 610 O
821 565 932 610 aureos
950 546 1072 610 soluere
1089 551 1123 610 ut
1139 546 1256 610 habeat

84 681 272 754 aauterqne
296 693 408 737 aureos
431 691 603 754 nongenos.
649 673 699 738 21.
723 670 831 735 Tertia
855 669 1012 735 actionum
1040 669 1152 734 diuisio
1177 670 1255 734 haec

141 802 198 862 est.
245 816 352 861 omnes
381 796 521 860 actiones
548 795 601 858 uel
628 795 660 858 11
689 795 835 877 simplum
862 794 914 859 uel
937 794 970 857 in
998 793 1125 876 duplum
1149 794 1201 858 uel
1224 793 1256 856 in

140 921 269 1004 triplum
292 921 343 984 uel
366 920 398 983 in
423 919 629 1002 quadruplum
649 926 820 1002 conceptae
845 924 929 1001 sunt3
953 919 1036 982 ultra
1053 923 1158 982 autem
1182 937 1256 996 qua-

86 1043 287 1128 22.druplnm
310 1045 466 1108 actionem
489 1045 607 1108 nullam
631 1044 771 1107 inuenire
796 1050 852 1108 est.
894 1043 1001 1110 2111
1024 1043 1060 1106 in
1084 1041 1256 1124 simplum
1294 1054 1308 1104 5

142 1167 435 1234 condemnationem
450 1168 546 1232 habet
563 1167 645 1232 actio
662 1187 702 1231 11
718 1167 877 1250 stipulatu,
902 1187 941 1230 11
956 1172 1073 1248 mutuo,
1098 1185 1138 1229 11
1151 1170 1256 1248 empto

140 1292 281 1373 uendite,
305 1292 402 1356 locati
426 1292 584 1372 conducti,
613 1291 755 1354 mandati
783 1296 813 1355 et
841 1291 923 1355 aliae
953 1291 1087 1370 denique
1116 1290 1256 1352 actiones

83 1427 182 1480 2111
207 1416 417 1498 compluribus
442 1415 545 1480 causis
570 1420 666 1478 ortae.
714 1417 764 1480 23.
788 1415 828 1478 ln
851 1414 1000 1497 duplum
1029 1420 1135 1478 autem
1159 1413 1257 1478 ueluti

139 1541 217 1604 furti
238 1559 297 1604 nco
320 1539 487 1621 manifesti,
511 1544 543 1603 11
565 1539 645 1622 legis
670 1539 808 1619 aquiliae
832 1558 871 1602 11
890 1537 1083 1618 infitiatione,
1109 1542 1140 1601 11
1162 1537 1256 1601 inter-

140 1665 216 1728 dum
240 1663 390 1746 depositi,
421 1663 541 1728 scilicet
569 1683 638 1728 cum
662 1663 811 1727 tumultus
835 1661 1011 1727 incendiiue
1039 1681 1136 1725 causa
1161 1660 1256 1743 depo·
1276 1673 1310 1723 10

140 1790 236 1853 sitnm
259 1808 322 1852 non
344 1787 491 1852 redditur.
530 1787 604 1852 item
628 1787 712 1851 serui
728 1786 872 1869 corrupti,
897 1806 978 1866 qnae
1002 1785 1084 1850 actio
1109 1785 1256 1867 competit

140 1913 174 1976 in
203 1932 288 1993 eum,
325 1912 378 1992 qui
405 1912 546 1976 hortatus
575 1917 622 1976 est
650 1916 704 1974 aut
734 1911 891 1994 persuasit
923 1930 1047 1974 seruum
1075 1928 1188 1990 meum,
1224 1914 1257 1972 ut

139 2038 275 2118 fugeret,
300 2043 354 2100 aut
370 2042 535 2100 contumax
559 2036 710 2101 aduersus
727 2035 884 2099 dominum
907 2033 1003 2116 fieret,
1027 2040 1081 2098 ant
1096 2033 1255 2098 luxuriose

140 2160 252 2223 uiuere
275 2159 439 2241 inciperet,
469 2164 522 2223 aut
546 2159 680 2238 deniqne
705 2159 844 2238 quolibet
866 2158 958 2222 modo
988 2157 1158 2223 deteriores
1190 2158 1256 2222 eius

139 2303 246 2352 mores
270 2283 475 2347 efficerentur.
510 2282 542 2346 11
565 2302 628 2363 qna
644 2283 727 2352 serui
743 2281 880 2364 corrupti
896 2282 1019 2346 actione
1036 2282 1130 2346 etiam
1149 2302 1257 2346 earum
1277 2291 1309 2341 15

139 2427 261 2487 rerum,
298 2425 376 2486 quas
409 2426 518 2470 seruus
554 2405 698 2486 abstulit,
735 2406 911 2470 aestimatio
947 2405 1117 2469 deducitur.
1171 2406 1258 2488 dupli

141 2530 445 2610 condemnationem,
470 2529 515 2592 uti
531 2529 647 2593 dictum
663 2534 719 2610 est,
745 2529 826 2592 actio
844 2547 966 2610 quoqne
983 2529 1079 2592 habet
1095 2549 1134 2593 11
1150 2529 1256 2610 legato

140 2655 257 2718 fideiue
281 2653 446 2718 commisso
471 2653 704 2717 uenerabilibus
728 2653 806 2717 locis
829 2653 952 2733 relicto,
977 2653 1061 2732 quod
1085 2673 1147 2735 non
1171 2659 1257 2716 ante·
1337 2649 1339 2652 ’

83 2789 129 2840 24.
144 2799 241 2859 quam
265 2784 312 2842 est
335 2778 479 2859 solutum,
504 2798 597 2858 qnam
621 2778 653 2840 in
676 2777 724 2840 ius
747 2777 851 2840 iretur.
891 2779 941 2842 24.
958 2776 1082 2858 Tripli
1106 2781 1210 2840 autem
1226 2777 1258 2840 in

142 2901 299 2966 eiusmodi
315 2921 392 2965 casu
407 2901 625 2965 condemnatio
645 2900 686 2964 fit.
725 2900 903 2964 constitutio
921 2906 969 2964 est
983 2899 1133 2983 principis
1149 2900 1257 2981 nostri,
1277 2909 1311 2961 20

144 3045 228 3106 quae
252 3025 353 3089 litium
370 3025 588 3090 executoribus
604 3025 813 3107 sportularum
828 3025 954 3088 nomine
970 3030 1088 3088 certam
1106 3044 1258 3088 summam

143 3150 222 3214 dare
246 3149 337 3214 iussit
359 3151 445 3213 iuxta
463 3149 667 3230 quantitatem
691 3150 722 3212 in
738 3149 846 3213 libello
864 3149 1078 3213 conuentionis
1099 3149 1257 3212 insertam.

140 3279 178 3337 ut
203 3293 287 3355 ecce,
311 3274 401 3336 uerbi
425 3273 539 3355 gratia,
565 3273 725 3336 1111111111
747 3281 781 3336 11
804 3272 845 3335 ad
870 3271 1007 3352 Ousque
1032 3291 1144 3336 aureos
1169 3271 1257 3334 dimi-

143 3397 230 3461 dium
255 3397 342 3462 aurei
366 3397 506 3460 daretur:
535 3397 563 3460 si
585 3397 686 3460 maior
709 3403 792 3460 esset
819 3417 954 3476 summa,
984 3415 1064 3477 quae
1088 3401 1256 3478 peteretur,

21 3551 27 3562 ·
142 3522 314 3604 ampliores
338 3541 461 3602 quoque
478 3527 583 3585 essent
599 3521 765 3603 sportulae.
801 3541 871 3584 oum
886 3520 981 3602 igitur
997 3540 1056 3602 ego
1074 3519 1257 3584 aduersario
1278 3530 1310 3581 25

139 3664 214 3708 meo
243 3665 357 3710 nocere
385 3645 512 3726 uellem,
548 3664 679 3725 eumque
715 3643 860 3727 ampliori
895 3645 1104 3726 sportularum
1139 3643 1259 3707 dationi
