3328 5318
833 404 1072 466 2438„

395 575 485 654 έκτός
509 577 545 643 δὲ
567 587 624 664 τῆς
646 577 781 660 Ἐφέσου
806 575 1063 664 δυσχερεστάτη).
1109 577 1163 640 καὶ
1191 574 1230 640 οδ
1259 576 1310 641 δεῖ
1335 572 1506 640 καταδικά-

396 685 508 760 ζεσθαι
531 688 574 761 είς
596 684 636 749 τά
650 691 676 770 ρ
690 690 871 768 νομίσματα
894 683 995 749 αὐτόν
1017 682 1108 759 έκτός
1131 685 1187 769 τῆς
1204 683 1351 765 Ἑφέσου·
1377 683 1428 748 δεῖ
1446 681 1506 770 γάρ

395 791 600 880 ἐξαιρεθῆναι
622 790 688 857 τῶν
711 797 737 876 ῗρ
753 790 962 875 νομισμάτων
976 793 1129 867 τοσαῦτα,
1154 785 1212 856 ὅσα
1230 790 1397 876 ζημιοῦται
1417 787 1507 864 ἐκτός

394 908 448 986 τῆς
470 897 605 985 Ἐφέσου
632 896 834 982 καταβαλών.
885 896 983 980 τυχόν
1011 896 1072 985 γάρ
1101 898 1136 963 έν
1159 906 1196 987 τῆ
1223 895 1324 984 Ῥώμη
1351 895 1389 961 τό
1417 896 1507 983 χρέος

361 1021 375 1072 5
395 1005 588 1089 καταβαλεῖν
611 1003 881 1088 άυαγκαζόμενος,
905 1004 1039 1086 δαπανᾷ
1054 1003 1082 1068 κ’
1098 1009 1282 1088 νομίσματα
1297 1006 1342 1078 εἷς
1364 1001 1401 1068 τό
1420 1027 1506 1089 περι-

395 1123 530 1199 ποιῆσαι
552 1111 655 1201 ἑαυτῷ
676 1110 734 1198 τῆν
757 1109 932 1197 ποσότητα,
956 1111 998 1197 ῆν
1021 1110 1118 1198 έχρῆν
1140 1135 1195 1195 μοι
1215 1108 1359 1196 δοθῆναι
1382 1111 1437 1173 καὶ
1452 1109 1505 1174 διά

394 1222 492 1285 τοῦτο
517 1218 555 1285 οδ
577 1217 825 1294 καταδικάζεται
847 1222 891 1294 είς
913 1217 955 1282 τά
978 1223 1020 1304 ρ,
1044 1219 1116 1283 ἁλλ’
1130 1221 1174 1294 είς
1196 1215 1239 1282 τά
1248 1219 1271 1299 ¹)
1297 1221 1333 1283 Ji.
1365 1216 1400 1282 έν
1424 1215 1449 1305 ᾧ
1472 1216 1508 1281 δὲ

396 1326 435 1392 οὐ
450 1324 638 1413 μνημονεύω
655 1325 709 1412 τῆς
724 1327 858 1412 Ἑφέσου
874 1325 909 1389 έν
924 1334 961 1415 τῆ
985 1325 1057 1414 δίκη
1074 1323 1164 1401 ἐκτός
1180 1335 1277 1390 κινῶν
1292 1327 1347 1412 τῆς
1362 1323 1507 1408 Ἐφέσου,

395 1431 508 1520 ἐπειδὴ
529 1431 762 1520 παρασκευάζω
787 1430 887 1498 αὐτόν
909 1435 953 1508 είς
975 1433 1204 1519 ρνομίσμάτα
1224 1432 1508 1515 καταδικασθῆναι

346 1552 376 1603 10
396 1539 426 1626 (ῆ
450 1539 511 1627 γάρ
536 1547 615 1624 pslra
638 1538 782 1626 έναγωγῆ
806 1537 864 1626 τῆν
887 1537 946 1603 τοῦ
971 1539 1186 1626 διαφέροντος
1210 1538 1353 1615 ἐξέτασιν
1369 1535 1507 1621 α’ναιρεῖ)

396 1646 454 1712 διά
475 1644 570 1711 τοῦτο
594 1649 664 1731 plus
688 1647 842 1730 petitel'lw.
888 1644 984 1714 τοῦτο
1010 1645 1046 1708 δὲ
1068 1644 1106 1710 τό
1138 1645 1297 1732 διαφέρον
1326 1643 1368 1719 ὥς
1392 1644 1449 1707 ἐπὶ
1471 1641 1507 1708 τό

396 1755 563 1829 πλεῖστον,
590 1752 624 1817 έκ
645 1755 711 1817 τῶν
733 1751 1008 1839 πιπρασκομένων
1032 1757 1176 1839 φορτίων
1203 1757 1353 1838 μεγίστην
1381 1750 1508 1832 δέχεται

397 1858 573 1947 διαφοράν,
589 1859 660 1924 οἷον
675 1859 782 1924 ἐλαίου
798 1864 887 1924 σίτου
903 1860 1034 1939 οίνουέ),
1055 1857 1152 1923 ἅτινα
1168 1861 1247 1923 καθ’
1261 1861 1399 1923 ἕκαστον
1414 1858 1508 1940 κλῖμα

397 1965 559 2054 διάφορον
573 1966 637 2048 ἔχει
652 1967 782 2053 τίμημα.
807 1965 1047 2050 α’πάιτοόμενος
1063 1963 1124 2053 γάρ
1141 1966 1176 2031 έν
1187 1967 1224 2055 τῆ
1240 1963 1346 2055 Ῥοίμη
1362 1969 1507 2051 ρνομίσ-

346 2085 377 2138 15
396 2098 484 2158 ματα
506 2075 561 2138 καὶ
576 2073 617 2139 τοὶ
633 2071 803 2161 προσόντα
825 2097 881 2157 μοι
904 2077 1024 2160 φορτία
1048 2073 1227 2137 διαπωλεῖυ
1246 2070 1509 2155 α’ναγκαζόμενος

397 2181 469 2245 ἐσθ’
491 2178 544 2246 ότε
566 2178 714 2268 λήψομαι
736 2179 820 2267 όπὲρ
845 2179 1000 2266 αὐτῶνρ
1027 2181 1211 2263 νομίσματα
1233 2177 1380 2264 μόνονῧ).
1424 2181 1452 2243 εἶ
1474 2177 1509 2241 δὲ

397 2288 432 2352 έν
453 2297 491 2377 τῇ
512 2286 634 2376 Ἐφέσῳ
661 2285 764 2352 ταῦτα
789 2287 1038 2373 διεπίπρασκον,
1067 2286 1251 2370 ἐλάμβανον
1273 2284 1316 2350 άν
1340 2291 1378 2373 ρ-κ
1402 2289 1507 2367 νομίσ-

397 2418 494 2478 ματα.
541 2392 580 2459 οδ
601 2392 703 2477 μόνον
733 2394 770 2457 δὲ
792 2394 827 2459 ἐν
854 2391 996 2470 τούτοις,
1024 2391 1107 2464 α’λλά
1137 2394 1190 2456 καὶ
1213 2393 1248 2456 έν
1276 2391 1422 2476 αότοῖςέη
1444 2402 1509 2464 τοῖς

398 2498 560 2588 άργυρίοις
575 2498 612 2565 τό
629 2500 787 2586 διαφέρον
802 2499 836 2564 έκ
851 2498 916 2564 τῶν
931 2498 1095 2584 κλιμάτων
1111 2497 1283 2579 εἰσάγεται.
1322 2497 1401 2564 οόδδ
1417 2496 1477 2584 γάρ
1484 2498 1507 2581 ⁵)

345 2617 380 2669 20
399 2609 430 2671 οί
452 2605 545 2672 αὐτοὶ
567 2607 602 2671 έν
623 2609 724 2672 παντὶ
746 2607 903 2690 κλίματιΰ)
927 2605 1016 2671 τόκοι
1040 2604 1269 2671 α’παιτοῦνται.
1307 2605 1342 2670 έν
1365 2605 1425 2688 μέν
1448 2601 1508 2688 γάρ

397 2711 492 2803 Ριόμη
519 2711 651 2778 πολλῶν
678 2712 782 2778 ὄντων
808 2722 873 2777 τῶν
901 2711 1132 2789 δανειζόντων,
1159 2713 1231 2776 ἐσθ’
1257 2710 1309 2778 ὅτε
1336 2709 1430 2798 παρά
1453 2708 1510 2774 τοῦ

398 2819 603 2900 δανείζοντός
625 2843 681 2903 μοι
698 2818 902 2904 α’παιτοῖιμαι
924 2807 1007 2885 τόδ
1022 2819 1117 2905 μέρος
1139 2817 1194 2905 τῆς
1214 2818 1397 2904 ἑκατοστῆς,
1430 2815 1508 2902 ὅπερ

398 2933 548 2993 συντείνει
570 2929 614 3001 εἷς
638 2932 665 3006 ’γ’
689 2928 886 3010 νομίσματα·
911 2927 945 2991 έν
969 2926 1006 2990 δε
1028 2923 1065 3015 τῆ
1089 2926 1230 3014 ἐπαρχίᾳ
1254 2923 1311 2990 διά
1331 2922 1369 2990 τό
1386 2923 1509 3004 ὀλίγους

397 3032 576 3108 εἶναιτοὺς
600 3033 806 3108 δανείζοντας
829 3031 1057 3116 δανεισάμενος
1085 3030 1148 3112 ἐγώ
1170 3031 1225 3096 ἐπὶ
1249 3040 1295 3120 τῷ
1321 3031 1510 3115 καταβαλεῖν

345 3151 378 3202 25
398 3160 448 3205 σοι
463 3140 669 3224 άπαιτοῦμαι
684 3137 769 3227 λόγῳ
785 3137 890 3204 τόκων
905 3137 943 3204 τό
959 3136 1051 3224 ῆμισυ
1067 3147 1123 3224 τῆς
1143 3135 1326 3225 ἑκατοστῆς,
1349 3141 1510 3202 τουτέστιν

398 3273 416 3333 ρ
439 3270 487 3312 νυ.
527 3243 602 3321 όίςτε
617 3243 677 3311 οὖν
692 3246 745 3309 καὶ
761 3244 817 3310 έπὶ
832 3254 886 3332 τῆς
902 3242 1083 3331 ποσότητος
1098 3253 1163 3309 τῶν
1178 3243 1283 3310 τόκων
1297 3241 1334 3309 τό
1353 3244 1509 3329 διαφέρον

398 3365 487 3418 ποιεῖ
506 3350 546 3416 τό
575 3353 724 3436 κλίματα.
771 3349 826 3415 διὰ
850 3359 946 3417 τοῦτο
976 3349 1035 3415 οὖν
1062 3349 1218 3436 α’νόγκηῗ)
1246 3355 1433 3436 μεμνῆσθαι
1459 3345 1510 3434 τῆς

397 3457 531 3545 Ἐφέσου
554 3456 752 3542 ποιούμενον
774 3456 832 3544 τῆν
847 3455 1029 3542 έναγωγῆν,
1051 3464 1105 3522 ἵνα
1121 3455 1158 3522 τό
1176 3456 1336 3543 διαφέρου
1352 3460 1508 3543 σκοπηδῇ.

397 3569 425 3630 εί
448 3566 485 3629 δὲ
501 3571 601 3655 συμβῆ
618 3585 651 3630 σε
666 3563 724 3630 τόν
739 3563 986 3650 ἐπερωτηθέντα
1000 3561 1176 3652 εὑρεθῆναι
1190 3561 1272 3626 κατά
1291 3561 1352 3648 τῆν
1362 3561 1509 3649 Ἔφεσον,

346 3682 380 3734 30
398 3679 477 3756 pura
500 3671 619 3758 όφείλει
642 3676 793 3751 γίνεσθαι
815 3668 898 3735 κατά
923 3690 980 3735 σου
1002 3668 1021 3757 ἡ
1044 3667 1206 3756 ἓναγωγή·
1230 3678 1327 3735 κινῶν
1342 3667 1405 3756 γάρ
1427 3669 1461 3733 έν
1474 3665 1509 3756 τῆ

397 3775 520 3865 Ἐφέσῳ
559 3778 615 3843 οόκ
654 3775 815 3864 ὥφειλεςθ)
853 3775 979 3866 μνῆμην
1022 3775 1257 3864 ποιῆσασθαιθ)
1297 3778 1356 3840 τοῦ
1394 3773 1506 3840 τόπου.

488 3921 511 3988 ¹)
530 3918 556 3972 d.
575 3920 618 3972 Ll.
637 3918 679 3972 L2.
699 3919 741 3972 Ιιθ.
761 3918 806 3973 Vi.
825 3919 858 3972 R.
966 3917 989 3987 2)
1008 3918 1055 3972 ΜΛ
1075 3919 1126 3973 οἲν.
1147 3918 1183 3972 ἒλ.
1204 3920 1254 3973 οίτ.
1273 3918 1316 3970 11¹.
1335 3917 1379 3972 L2.
1399 3916 1442 3969 L⁶.
1461 3915 1508 3970 οἴν.

400 4027 423 4062 σ.
444 4008 480 4062 ἒλ.
500 4006 544 4064 Vi.
563 4007 592 4060 F.
612 4007 645 4060 R.
765 4007 787 4074 ³)
805 4005 878 4078 μόνα
897 4011 924 4079 ρ
943 4029 983 4060 κν.
1003 4007 1046 4061 Ιιθ.
1165 4005 1188 4073 4)
1207 4005 1233 4059 d.
1252 4005 1295 4059 L0.
1416 4005 1437 4070 ⁵)
1456 4001 1508 4058 ἀλλ’

401 4094 450 4152 οόκ
467 4095 510 4150 11².
530 4095 572 4150 L⁰.
680 4095 702 4163 6)
722 4095 748 4150 οἱ
768 4093 844 4150 αὐτοὶ
863 4094 889 4149 h.
908 4095 925 4150 l.
945 4110 1015 4148 011111.
1034 4097 1120 4162 praet.
1140 4094 1173 4148 M.
1259 4095 1280 4160 7)
1299 4101 1398 4148 --αῑον
1417 4092 1460 4146 Vi.
1477 4091 1507 4144 R.

399 4183 421 4254 ⁸)
439 4183 487 4238 Ma
507 4181 628 4256 ὀφείλεις
646 4186 698 4237 eet.
805 4181 828 4252 ⁹)
847 4187 895 4238 τοῦ
914 4181 1050 4255 ὀνόματος
1067 4183 1118 4236 ine.
1138 4181 1235 4236 1111.
1339 4203 1342 4210 ·
