3328 5318
578 336 819 401 -428-

32 510 34 514 ’
143 509 340 593 compellitur
362 517 394 575 et
422 511 554 576 alterum
580 517 701 576 tantum
728 531 785 594 pro
812 530 930 595 poena:
959 519 1046 595 patet
1072 513 1146 577 inde
1173 513 1266 579 hanc·

86 643 130 696 20.
143 635 298 700 actionem
321 635 353 699 in
377 635 503 718 duplum
527 635 644 700 hahere
670 635 968 701 condemnationem.
1014 640 1065 704 20.
1089 636 1254 713 Quaedam

142 759 283 823 actiones
298 764 363 823 tam
378 759 415 823 in
437 779 526 842 rem,
550 779 643 841 quam
666 760 704 824 in
726 779 927 842 personam
945 766 1089 825 naturam
1113 762 1253 845 optinere

140 884 293 948 uidentur.
354 885 427 950 talis
466 891 514 950 est
546 884 720 950 familiae
755 885 1006 950 erciscundae
1040 886 1133 968 actio,
1173 907 1254 969 quae

142 1009 348 1074 coheredibus
365 1011 513 1093 competit
528 1009 567 1075 de
583 1011 678 1075 rebus
694 1009 891 1074 hereditariis
908 1010 1092 1075 diuidendis.
1121 1011 1254 1078 actionis
1292 1022 1322 1073 5⁴

142 1135 277 1199 enimin
293 1155 369 1200 rem
385 1135 463 1199 illud
478 1135 639 1219 proprium
655 1136 759 1217 habet,
778 1136 860 1218 quod
875 1155 926 1200 res
945 1136 1157 1219 persequitnr;
1182 1156 1262 1200 nam

142 1259 259 1342 singuli
282 1259 412 1325 heredes
440 1280 497 1343 pro
525 1266 596 1324 rata
624 1261 741 1325 domini
768 1267 847 1325 suut.
894 1267 942 1326 set
969 1260 1102 1326 actionis
1131 1280 1255 1342 quoquc

141 1383 179 1446 in
202 1403 400 1466 personam
425 1385 554 1449 effectus
569 1385 672 1450 habet.
707 1385 858 1468 pleraque
875 1385 957 1450 enim
973 1386 1080 1468 capita
1094 1385 1128 1449 in
1144 1385 1255 1450 eadem

141 1507 338 1588 inquiruntur
348 1515 442 1590 atque
455 1509 487 1574 in
503 1509 794 1574 condemnationem
807 1509 1010 1591 deducuntur,
1027 1530 1107 1590 quae
1121 1509 1255 1574 actionis

140 1631 179 1696 in
202 1652 410 1715 personam,
434 1654 496 1698 non
520 1635 559 1698 in
581 1654 656 1698 rem
672 1635 801 1718 propria
820 1641 900 1716 sunt,
925 1634 1017 1699 sicuti
1031 1635 1063 1699 in
1079 1635 1168 1698 libris
1192 1634 1255 1698 »de
1276 1640 1324 1692 1011

141 1756 353 1842 indiciis‹‚¹)
377 1759 447 1822 Deo
470 1757 606 1841 tenente,
630 1759 814 1824 uidebimus.
857 1759 940 1824 idem
964 1759 1128 1824 dicendum
1153 1759 1257 1844 estin

141 1879 258 1946 iudicio
282 1883 465 1946 communi
488 1883 710 1966 diuidundo,
739 1883 823 1964 quod
845 1885 927 1948 inter
950 1903 1004 1948 eos
1027 1883 1178 1964 redditur,
1203 1883 1257 1964 qui

141 2025 194 2106 res
210 2025 249 2070 ex
266 2006 406 2086 qualibet
421 2027 518 2071 causa
534 2027 712 2072 communes
727 2008 854 2090 habent,
878 2015 913 2072 nt
928 2007 1115 2072 diuiduntur.
1143 2007 1255 2088 quibus

143 2130 319 2195 actionibus
343 2132 426 2196 actio
451 2150 574 2212 quoque
597 2131 729 2196 finium
753 2133 1007 2215 regundorum
1023 2132 1254 2213 adnumeratur,

143 2273 225 2335 quae
248 2254 407 2319 intereos
431 2261 604 2337 exercetur,
629 2256 683 2336 qui
706 2256 843 2322 confines
868 2277 962 2340 agros
985 2257 1112 2338 habent,
1141 2256 1256 2338 quique
1276 2258 1323 2312 151

143 2379 184 2442 de
207 2379 320 2443 finibus
336 2379 416 2444 inter
431 2400 501 2444 sese
525 2381 770 2445 controuersiam
793 2381 939 2446 habeant.
973 2381 1006 2445 in
1029 2381 1141 2461 quihus
1157 2381 1256 2444 tribus

143 2503 267 2568 iudiciis
290 2505 478 2587 permittitur
500 2505 598 2570 iudici
620 2506 743 2570 cuidam
767 2526 810 2570 ex.
829 2506 1040 2588 litigatoribus
1065 2525 1104 2568 ex
1119 2507 1201 2569 bono
1226 2509 1257 2568 et

143 2647 245 2708 aequo
271 2649 463 2694 communem
486 2649 552 2694 rem
576 2629 723 2696 addicere
740 2636 771 2694 et
794 2630 850 2694 clii
873 2630 958 2693 aliud
974 2629 1165 2694 adiudicare.
1203 2648 1256 2692 ue·

141 2752 201 2816 luti
223 2753 294 2817 huic
317 2772 397 2834 rem,
427 2773 508 2834 quae
532 2753 556 2818 Ο
581 2754 685 2818 aureis
708 2755 807 2836 ualet,
838 2760 870 2818 et
891 2753 939 2818 ihi
961 2773 1042 2834 rem,
1071 2773 1152 2834 quae
1180 2753 1256 2817 item

144 2875 296 2941 (taureis
323 2878 417 2942 ualet.
463 2878 534 2943 ideo
564 2879 646 2942 enim
674 2877 834 2943 eiusmodi
859 2877 1030 2942 redduntur
1063 2877 1189 2958 indicia,
1222 2882 1257 2940 ut
1275 2880 1323 2930 202

143 3002 319 3066 communio
336 3003 476 3066 soluatur
496 3023 564 3067 cum
588 3003 636 3068 his
653 3023 733 3084 quae
750 3003 822 3067 inde
838 3009 1008 3068 nascuntur
1024 3001 1255 3066 controuersiis.

142 3145 217 3189 nam
241 3126 268 3190 si
291 3127 384 3190 alteri
406 3127 520 3191 fundus
542 3127 686 3195 addictus
711 3128 760 3208 sit
786 3128 839 3208 qni
856 3127 887 3190 M
904 3127 1007 3192 aureis
1023 3127 1140 3207 ualeat,
1165 3125 1257 3190 alteri

144 3249 283 3331 domum,
308 3269 389 3330 quae
412 3251 521 3316 Doce
544 3252 668 3334 ualeat,
697 3252 954 3316 condemnabitur
977 3251 1018 3332 is,
1048 3251 1101 3331 qni
1128 3249 1256 3314 fundum

144 3375 304 3457 acceperit
325 3375 357 3438 M
374 3395 553 3458 aureorum,
583 3377 657 3457 quia
680 3377 752 3441 eius-
770 3397 845 3460 pars
868 3381 1106 3460 praegrauata,
1132 3375 1175 3456 ei,
1204 3372 1257 3455 qui

235 3604 256 3674 ¹)
276 3603 316 3657 Of.
336 3605 459 3673 Dig.10,
480 3609 504 3674 2,
523 3608 538 3659 3
557 3621 591 3673 pr
610 3606 753 3674 [quilibet
771 3609 815 3662 cst
833 3606 874 3660 Vl
892 3605 931 3660 de
949 3603 1088 3658 iudiciis
1107 3604 1142 3657 oi.
1162 3602 1270 3658 Goust..

144 3693 293 3776 ‘As'dorxsv'
313 3699 336 3758 ξ.
357 3695 391 3763 3].
