<?xml version="1.0" encoding="UTF-8"?>
<!DOCTYPE html PUBLIC "-//W3C//DTD XHTML 1.0 Transitional//EN"
    "http://www.w3.org/TR/xhtml1/DTD/xhtml1-transitional.dtd">
<html xmlns="http://www.w3.org/1999/xhtml" xml:lang="en" lang="en">
 <head>
  <title>
</title>
<meta http-equiv="Content-Type" content="text/html;charset=utf-8" />
  <meta name='ocr-system' content='tesseract 3.04.00' />
  <meta name='ocr-capabilities' content='ocr_page ocr_carea ocr_par ocr_line ocrx_word'/>
</head>
<body>
  <div class='ocr_page' id='page_1' title='image "./institutionumgr01linggoog_0167.png"; bbox 0 0 3164 5338; ppageno 0'>
   <div class='ocr_carea' id='block_1_1' title="bbox 519 384 747 447">
    <p class='ocr_par' dir='ltr' id='par_1_1' title="bbox 519 384 747 447">
     <span class='ocr_line' id='line_1_1' title="bbox 519 384 747 447; baseline 0 -1"><span class='ocrx_word' id='word_1_1' title='bbox 519 384 747 447; x_wconf 82' lang='lat'><strong>-331-</strong></span> 
     </span>
    </p>
   </div>
   <div class='ocr_carea' id='block_1_2' title="bbox 270 671 1004 754">
    <p class='ocr_par' dir='ltr' id='par_1_2' title="bbox 270 671 1004 754">
     <span class='ocr_line' id='line_1_2' title="bbox 270 671 1004 754; baseline -0.003 -18"><span class='ocrx_word' id='word_1_2' title='bbox 270 673 317 736; x_wconf 88' lang='lat' dir='ltr'>Dc</span> <span class='ocrx_word' id='word_1_3' title='bbox 339 671 493 738; x_wconf 86' lang='lat' dir='ltr'>diuisione</span> <span class='ocrx_word' id='word_1_4' title='bbox 515 673 761 754; x_wconf 82' lang='lat' dir='ltr'><strong>stipulationum.</strong></span> <span class='ocrx_word' id='word_1_5' title='bbox 807 672 931 738; x_wconf 82' lang='lat' dir='ltr'>Titulus</span> <span class='ocrx_word' id='word_1_6' title='bbox 957 675 1004 736; x_wconf 88' lang='lat'>18.</span> 
     </span>
    </p>
   </div>
   <div class='ocr_carea' id='block_1_3' title="bbox 60 823 1281 2705">
    <p class='ocr_par' dir='ltr' id='par_1_3' title="bbox 92 823 1281 1146">
     <span class='ocr_line' id='line_1_3' title="bbox 165 823 1281 908; baseline 0.005 -20"><span class='ocrx_word' id='word_1_7' title='bbox 165 825 230 889; x_wconf 92' lang='lat' dir='ltr'>Non</span> <span class='ocrx_word' id='word_1_8' title='bbox 253 823 425 889; x_wconf 86' lang='lat' dir='ltr'>absurdum</span> <span class='ocrx_word' id='word_1_9' title='bbox 447 826 508 890; x_wconf 88' lang='lat' dir='ltr'>crit</span> <span class='ocrx_word' id='word_1_10' title='bbox 529 826 622 892; x_wconf 88' lang='lat' dir='ltr'>etiam</span> <span class='ocrx_word' id='word_1_11' title='bbox 646 825 884 908; x_wconf 78' lang='lat' dir='ltr'>stipulationum</span> <span class='ocrx_word' id='word_1_12' title='bbox 901 825 1070 892; x_wconf 89' lang='lat' dir='ltr'>diuisiones</span> <span class='ocrx_word' id='word_1_13' title='bbox 1093 844 1194 890; x_wconf 91' lang='lat' dir='ltr'>nosse.</span> <span class='ocrx_word' id='word_1_14' title='bbox 1279 889 1281 894; x_wconf 89' lang='lat'><em>.</em></span> 
     </span>
     <span class='ocr_line' id='line_1_4' title="bbox 92 943 1193 1027; baseline 0 -19"><span class='ocrx_word' id='word_1_15' title='bbox 92 943 314 1026; x_wconf 86' lang='lat' dir='ltr'>stipulationum</span> <span class='ocrx_word' id='word_1_16' title='bbox 329 944 411 1008; x_wconf 93' lang='lat' dir='ltr'>enim</span> <span class='ocrx_word' id='word_1_17' title='bbox 427 943 506 1009; x_wconf 93' lang='lat' dir='ltr'>aliae</span> <span class='ocrx_word' id='word_1_18' title='bbox 522 943 738 1010; x_wconf 89' lang='lat' dir='ltr'>iudiciales</span> <span class='ocrx_word' id='word_1_19' title='bbox 754 949 837 1024; x_wconf 86' lang='lat' dir='ltr'>sunt,</span> <span class='ocrx_word' id='word_1_20' title='bbox 862 945 941 1009; x_wconf 88' lang='lat' dir='ltr'>aliae</span> <span class='ocrx_word' id='word_1_21' title='bbox 956 946 1193 1027; x_wconf 83' lang='lat' dir='ltr'>praetoriae.</span> 
     </span>
     <span class='ocr_line' id='line_1_5' title="bbox 92 1063 1196 1146; baseline 0.003 -19"><span class='ocrx_word' id='word_1_22' title='bbox 92 1063 158 1128; x_wconf 88' lang='lat' dir='ltr'>allae</span> <span class='ocrx_word' id='word_1_23' title='bbox 178 1063 528 1141; x_wconf 84' lang='lat' dir='ltr'>conuentionales‚</span> <span class='ocrx_word' id='word_1_24' title='bbox 546 1063 625 1129; x_wconf 86' lang='lat' dir='ltr'>aliae</span> <span class='ocrx_word' id='word_1_25' title='bbox 640 1081 874 1141; x_wconf 78' lang='lat' dir='ltr'>communes,</span> <span class='ocrx_word' id='word_1_26' title='bbox 890 1063 950 1128; x_wconf 86' lang='lat' dir='ltr'>hoc</span> <span class='ocrx_word' id='word_1_27' title='bbox 965 1069 1013 1129; x_wconf 89' lang='lat' dir='ltr'>est</span> <span class='ocrx_word' id='word_1_28' title='bbox 1027 1069 1093 1142; x_wconf 83' lang='lat' dir='ltr'>tam</span> <span class='ocrx_word' id='word_1_29' title='bbox 1107 1084 1196 1146; x_wconf 82' lang='lat' dir='ltr'>prae-</span> 
     </span>
    </p>

    <p class='ocr_par' dir='ltr' id='par_1_4' title="bbox 60 1182 1258 2705">
     <span class='ocr_line' id='line_1_6' title="bbox 60 1182 1196 1266; baseline 0.001 -18"><span class='ocrx_word' id='word_1_30' title='bbox 60 1182 76 1234; x_wconf 90' lang='lat'>1.</span> <span class='ocrx_word' id='word_1_31' title='bbox 90 1183 176 1249; x_wconf 83' lang='lat' dir='ltr'>toriae</span> <span class='ocrx_word' id='word_1_32' title='bbox 197 1202 292 1265; x_wconf 90' lang='lat' dir='ltr'>quam</span> <span class='ocrx_word' id='word_1_33' title='bbox 312 1183 482 1248; x_wconf 86' lang='lat' dir='ltr'>iudiciales.</span> <span class='ocrx_word' id='word_1_34' title='bbox 520 1187 545 1248; x_wconf 89' lang='lat' dir='ltr'>l.</span> <span class='ocrx_word' id='word_1_35' title='bbox 569 1184 612 1249; x_wconf 86' lang='lat' dir='ltr'>Et</span> <span class='ocrx_word' id='word_1_36' title='bbox 633 1184 844 1250; x_wconf 89' lang='lat' dir='ltr'>iudiciales</span> <span class='ocrx_word' id='word_1_37' title='bbox 867 1183 994 1266; x_wconf 91' lang='lat' dir='ltr'>quidem</span> <span class='ocrx_word' id='word_1_38' title='bbox 1008 1188 1091 1262; x_wconf 88' lang='lat' dir='ltr'>sunt,</span> <span class='ocrx_word' id='word_1_39' title='bbox 1114 1202 1196 1266; x_wconf 91' lang='lat' dir='ltr'>quae</span> 
     </span>
     <span class='ocr_line' id='line_1_7' title="bbox 89 1301 1229 1386; baseline -0.002 -19"><span class='ocrx_word' id='word_1_40' title='bbox 89 1321 196 1368; x_wconf 84' lang='lat' dir='ltr'>amero</span> <span class='ocrx_word' id='word_1_41' title='bbox 219 1301 320 1368; x_wconf 86' lang='lat' dir='ltr'>officio</span> <span class='ocrx_word' id='word_1_42' title='bbox 342 1303 452 1369; x_wconf 91' lang='lat' dir='ltr'>iudicis</span> <span class='ocrx_word' id='word_1_43' title='bbox 473 1303 722 1386; x_wconf 88' lang='lat' dir='ltr'>proficiscuntur,</span> <span class='ocrx_word' id='word_1_44' title='bbox 746 1305 848 1386; x_wconf 88' lang='lat' dir='ltr'>qualis</span> <span class='ocrx_word' id='word_1_45' title='bbox 871 1308 920 1369; x_wconf 88' lang='lat' dir='ltr'>est</span> <span class='ocrx_word' id='word_1_46' title='bbox 942 1303 981 1368; x_wconf 89' lang='lat' dir='ltr'>de</span> <span class='ocrx_word' id='word_1_47' title='bbox 1003 1303 1074 1368; x_wconf 91' lang='lat' dir='ltr'>dolo</span> <span class='ocrx_word' id='word_1_48' title='bbox 1097 1303 1229 1385; x_wconf 84' lang='lat' dir='ltr'>stipu-5</span> 
     </span>
     <span class='ocr_line' id='line_1_8' title="bbox 88 1422 1196 1507; baseline 0.003 -21"><span class='ocrx_word' id='word_1_49' title='bbox 88 1422 160 1486; x_wconf 87' lang='lat' dir='ltr'>latio.</span> <span class='ocrx_word' id='word_1_50' title='bbox 203 1423 291 1488; x_wconf 91' lang='lat' dir='ltr'>locus</span> <span class='ocrx_word' id='word_1_51' title='bbox 318 1422 390 1489; x_wconf 91' lang='lat' dir='ltr'>huic</span> <span class='ocrx_word' id='word_1_52' title='bbox 420 1429 484 1503; x_wconf 85' lang='lat' dir='ltr'>est,</span> <span class='ocrx_word' id='word_1_53' title='bbox 513 1423 639 1507; x_wconf 89' lang='lat' dir='ltr'>quando</span> <span class='ocrx_word' id='word_1_54' title='bbox 659 1442 730 1490; x_wconf 92' lang='lat' dir='ltr'>cum</span> <span class='ocrx_word' id='word_1_55' title='bbox 753 1443 803 1502; x_wconf 86' lang='lat' dir='ltr'>co,</span> <span class='ocrx_word' id='word_1_56' title='bbox 832 1424 887 1505; x_wconf 90' lang='lat' dir='ltr'>qui</span> <span class='ocrx_word' id='word_1_57' title='bbox 909 1422 985 1487; x_wconf 92' lang='lat' dir='ltr'>mihi</span> <span class='ocrx_word' id='word_1_58' title='bbox 1007 1441 1044 1488; x_wconf 86' lang='lat' dir='ltr'>ex</span> <span class='ocrx_word' id='word_1_59' title='bbox 1066 1423 1196 1506; x_wconf 86' lang='lat' dir='ltr'>stipula-</span> 
     </span>
     <span class='ocr_line' id='line_1_9' title="bbox 88 1541 1195 1628; baseline 0.002 -22"><span class='ocrx_word' id='word_1_60' title='bbox 88 1541 160 1607; x_wconf 85' lang='lat' dir='ltr'>tione</span> <span class='ocrx_word' id='word_1_61' title='bbox 180 1541 336 1607; x_wconf 90' lang='lat' dir='ltr'>homincm</span> <span class='ocrx_word' id='word_1_62' title='bbox 359 1543 460 1622; x_wconf 82' lang='lat' dir='ltr'>debet,</span> <span class='ocrx_word' id='word_1_63' title='bbox 485 1564 523 1610; x_wconf 84' lang='lat' dir='ltr'>ex</span> <span class='ocrx_word' id='word_1_64' title='bbox 546 1545 698 1628; x_wconf 88' lang='lat' dir='ltr'>stipulatu</span> <span class='ocrx_word' id='word_1_65' title='bbox 721 1563 829 1626; x_wconf 86' lang='lat' dir='ltr'>agam;</span> <span class='ocrx_word' id='word_1_66' title='bbox 857 1548 889 1609; x_wconf 91' lang='lat' dir='ltr'>et</span> <span class='ocrx_word' id='word_1_67' title='bbox 911 1562 984 1607; x_wconf 91' lang='lat' dir='ltr'>reus</span> <span class='ocrx_word' id='word_1_68' title='bbox 1006 1541 1106 1608; x_wconf 91' lang='lat' dir='ltr'>sciens</span> <span class='ocrx_word' id='word_1_69' title='bbox 1128 1541 1195 1608; x_wconf 87' lang='lat' dir='ltr'>fore</span> 
     </span>
     <span class='ocr_line' id='line_1_10' title="bbox 88 1659 1195 1746; baseline 0.005 -23"><span class='ocrx_word' id='word_1_70' title='bbox 88 1664 117 1723; x_wconf 92' lang='lat' dir='ltr'>ut</span> <span class='ocrx_word' id='word_1_71' title='bbox 130 1659 358 1740; x_wconf 88' lang='lat' dir='ltr'>condemnetur,</span> <span class='ocrx_word' id='word_1_72' title='bbox 381 1663 410 1728; x_wconf 92' lang='lat' dir='ltr'>ei</span> <span class='ocrx_word' id='word_1_73' title='bbox 424 1682 579 1729; x_wconf 89' lang='lat' dir='ltr'>uenenum</span> <span class='ocrx_word' id='word_1_74' title='bbox 600 1663 759 1746; x_wconf 86' lang='lat' dir='ltr'>praebeat,</span> <span class='ocrx_word' id='word_1_75' title='bbox 783 1662 868 1744; x_wconf 90' lang='lat' dir='ltr'>quod</span> <span class='ocrx_word' id='word_1_76' title='bbox 883 1663 989 1744; x_wconf 90' lang='lat' dir='ltr'>paullo</span> <span class='ocrx_word' id='word_1_77' title='bbox 1011 1667 1085 1746; x_wconf 91' lang='lat' dir='ltr'>post</span> <span class='ocrx_word' id='word_1_78' title='bbox 1105 1659 1195 1728; x_wconf 69' lang='lat' dir='ltr'>ruisti·</span> 
     </span>
     <span class='ocr_line' id='line_1_11' title="bbox 87 1780 1195 1864; baseline 0.003 -21"><span class='ocrx_word' id='word_1_79' title='bbox 87 1780 227 1847; x_wconf 89' lang='lat' dir='ltr'>tutionem</span> <span class='ocrx_word' id='word_1_80' title='bbox 249 1800 321 1846; x_wconf 88' lang='lat' dir='ltr'>eum</span> <span class='ocrx_word' id='word_1_81' title='bbox 342 1800 455 1848; x_wconf 86' lang='lat' dir='ltr'>necare</span> <span class='ocrx_word' id='word_1_82' title='bbox 476 1783 590 1864; x_wconf 88' lang='lat' dir='ltr'>possit:</span> <span class='ocrx_word' id='word_1_83' title='bbox 613 1783 653 1849; x_wconf 88' lang='lat' dir='ltr'>ad</span> <span class='ocrx_word' id='word_1_84' title='bbox 675 1780 811 1848; x_wconf 89' lang='lat' dir='ltr'>officium</span> <span class='ocrx_word' id='word_1_85' title='bbox 825 1782 937 1848; x_wconf 85' lang='lat' dir='ltr'>iudicis</span> <span class='ocrx_word' id='word_1_86' title='bbox 952 1782 1089 1864; x_wconf 85' lang='lat' dir='ltr'>pertinet</span> <span class='ocrx_word' id='word_1_87' title='bbox 1102 1801 1195 1864; x_wconf 87' lang='lat' dir='ltr'>prop</span> 
     </span>
     <span class='ocr_line' id='line_1_12' title="bbox 87 1901 1246 1985; baseline -0.005 -19"><span class='ocrx_word' id='word_1_88' title='bbox 87 1905 128 1966; x_wconf 87' lang='lat' dir='ltr'>ter</span> <span class='ocrx_word' id='word_1_89' title='bbox 146 1901 298 1968; x_wconf 89' lang='lat' dir='ltr'>eiusmodi</span> <span class='ocrx_word' id='word_1_90' title='bbox 327 1902 520 1984; x_wconf 90' lang='lat' dir='ltr'>suspiciones</span> <span class='ocrx_word' id='word_1_91' title='bbox 545 1919 637 1968; x_wconf 89' lang='lat' dir='ltr'>reum</span> <span class='ocrx_word' id='word_1_92' title='bbox 664 1921 774 1985; x_wconf 80' lang='lat' dir='ltr'>cogere</span> <span class='ocrx_word' id='word_1_93' title='bbox 804 1907 841 1967; x_wconf 89' lang='lat' dir='ltr'>ut</span> <span class='ocrx_word' id='word_1_94' title='bbox 862 1902 1033 1985; x_wconf 89' lang='lat' dir='ltr'>stipuletur</span> <span class='ocrx_word' id='word_1_95' title='bbox 1061 1902 1138 1967; x_wconf 94' lang='lat' dir='ltr'>nihil</span> <span class='ocrx_word' id='word_1_96' title='bbox 1161 1921 1195 1968; x_wconf 91' lang='lat' dir='ltr'>se</span> <span class='ocrx_word' id='word_1_97' title='bbox 1215 1911 1246 1961; x_wconf 91' lang='lat'>10</span> 
     </span>
     <span class='ocr_line' id='line_1_13' title="bbox 87 2019 1258 2118; baseline 0.003 -35"><span class='ocrx_word' id='word_1_98' title='bbox 87 2019 147 2084; x_wconf 91' lang='lat' dir='ltr'>dolo</span> <span class='ocrx_word' id='word_1_99' title='bbox 166 2019 277 2086; x_wconf 85' lang='lat' dir='ltr'>fecisse</span> <span class='ocrx_word' id='word_1_100' title='bbox 299 2040 361 2103; x_wconf 91' lang='lat' dir='ltr'>quo</span> <span class='ocrx_word' id='word_1_101' title='bbox 391 2022 491 2104; x_wconf 85' lang='lat' dir='ltr'>magis</span> <span class='ocrx_word' id='word_1_102' title='bbox 519 2024 685 2088; x_wconf 90' lang='lat' dir='ltr'>restitutus</span> <span class='ocrx_word' id='word_1_103' title='bbox 715 2041 827 2088; x_wconf 89' lang='lat' dir='ltr'>seruus</span> <span class='ocrx_word' id='word_1_104' title='bbox 849 2022 1036 2088; x_wconf 84' lang='lat' dir='ltr'>laederetur.</span> <span class='ocrx_word' id='word_1_105' title='bbox 1081 2022 1102 2087; x_wconf 88' lang='lat' dir='ltr'>J</span> <span class='ocrx_word' id='word_1_106' title='bbox 1108 2021 1195 2086; x_wconf 89' lang='lat' dir='ltr'>udi·</span> <span class='ocrx_word' id='word_1_107' title='bbox 1255 2111 1258 2118; x_wconf 28' lang='grc' dir='ltr'>Ι</span> 
     </span>
     <span class='ocr_line' id='line_1_14' title="bbox 87 2139 1195 2224; baseline 0.003 -21"><span class='ocrx_word' id='word_1_108' title='bbox 87 2139 182 2205; x_wconf 87' lang='lat' dir='ltr'>cialis</span> <span class='ocrx_word' id='word_1_109' title='bbox 212 2158 341 2222; x_wconf 85' lang='lat' dir='ltr'>quoque</span> <span class='ocrx_word' id='word_1_110' title='bbox 368 2146 417 2206; x_wconf 90' lang='lat' dir='ltr'>est</span> <span class='ocrx_word' id='word_1_111' title='bbox 444 2142 605 2224; x_wconf 89' lang='lat' dir='ltr'>stipulatio</span> <span class='ocrx_word' id='word_1_112' title='bbox 636 2141 675 2207; x_wconf 84' lang='lat' dir='ltr'>de</span> <span class='ocrx_word' id='word_1_113' title='bbox 704 2160 797 2207; x_wconf 91' lang='lat' dir='ltr'>seruo</span> <span class='ocrx_word' id='word_1_114' title='bbox 819 2141 1051 2224; x_wconf 84' lang='lat' dir='ltr'>persequendo,</span> <span class='ocrx_word' id='word_1_115' title='bbox 1082 2141 1136 2223; x_wconf 90' lang='lat' dir='ltr'>qui</span> <span class='ocrx_word' id='word_1_116' title='bbox 1163 2142 1195 2206; x_wconf 93' lang='lat' dir='ltr'>in</span> 
     </span>
     <span class='ocr_line' id='line_1_15' title="bbox 85 2256 1195 2343; baseline 0.005 -21"><span class='ocrx_word' id='word_1_117' title='bbox 85 2256 149 2340; x_wconf 83' lang='lat' dir='ltr'>luga</span> <span class='ocrx_word' id='word_1_118' title='bbox 168 2266 252 2342; x_wconf 85' lang='lat' dir='ltr'>agat.</span> <span class='ocrx_word' id='word_1_119' title='bbox 296 2261 329 2327; x_wconf 86' lang='lat' dir='ltr'>si</span> <span class='ocrx_word' id='word_1_120' title='bbox 352 2261 422 2343; x_wconf 91' lang='lat' dir='ltr'>quis</span> <span class='ocrx_word' id='word_1_121' title='bbox 452 2263 534 2327; x_wconf 90' lang='lat' dir='ltr'>enim</span> <span class='ocrx_word' id='word_1_122' title='bbox 563 2281 691 2327; x_wconf 93' lang='lat' dir='ltr'>seruum</span> <span class='ocrx_word' id='word_1_123' title='bbox 713 2281 817 2327; x_wconf 86' lang='lat' dir='ltr'>meum</span> <span class='ocrx_word' id='word_1_124' title='bbox 841 2262 880 2326; x_wconf 89' lang='lat' dir='ltr'>ab</span> <span class='ocrx_word' id='word_1_125' title='bbox 903 2261 1008 2343; x_wconf 90' lang='lat' dir='ltr'>aliquo</span> <span class='ocrx_word' id='word_1_126' title='bbox 1030 2261 1195 2327; x_wconf 86' lang='lat' dir='ltr'>bonafide</span> 
     </span>
     <span class='ocr_line' id='line_1_16' title="bbox 85 2380 1195 2464; baseline 0.003 -22"><span class='ocrx_word' id='word_1_127' title='bbox 85 2384 165 2459; x_wconf 88' lang='lat' dir='ltr'>emat,</span> <span class='ocrx_word' id='word_1_128' title='bbox 187 2401 291 2464; x_wconf 86' lang='lat' dir='ltr'>neque</span> <span class='ocrx_word' id='word_1_129' title='bbox 307 2382 420 2447; x_wconf 91' lang='lat' dir='ltr'>uitium</span> <span class='ocrx_word' id='word_1_130' title='bbox 436 2383 547 2460; x_wconf 80' lang='lat' dir='ltr'>subsit</span> <span class='ocrx_word' id='word_1_131' title='bbox 570 2383 678 2464; x_wconf 92' lang='lat' dir='ltr'>procul</span> <span class='ocrx_word' id='word_1_132' title='bbox 695 2382 789 2447; x_wconf 89' lang='lat' dir='ltr'>dubio</span> <span class='ocrx_word' id='word_1_133' title='bbox 805 2383 905 2447; x_wconf 91' lang='lat' dir='ltr'>currit</span> <span class='ocrx_word' id='word_1_134' title='bbox 926 2381 1086 2463; x_wconf 80' lang='lat' dir='ltr'>usucapio.</span> <span class='ocrx_word' id='word_1_135' title='bbox 1110 2380 1195 2462; x_wconf 90' lang='lat' dir='ltr'>quod</span> 
     </span>
     <span class='ocr_line' id='line_1_17' title="bbox 84 2497 1244 2584; baseline 0.008 -24"><span class='ocrx_word' id='word_1_136' title='bbox 84 2497 105 2561; x_wconf 92' lang='lat' dir='ltr'>si</span> <span class='ocrx_word' id='word_1_137' title='bbox 125 2507 193 2566; x_wconf 88' lang='lat' dir='ltr'>ante</span> <span class='ocrx_word' id='word_1_138' title='bbox 215 2502 366 2584; x_wconf 85' lang='lat' dir='ltr'>temporis</span> <span class='ocrx_word' id='word_1_139' title='bbox 394 2501 503 2581; x_wconf 83' lang='lat' dir='ltr'>finem,</span> <span class='ocrx_word' id='word_1_140' title='bbox 533 2519 595 2584; x_wconf 92' lang='lat' dir='ltr'>quo</span> <span class='ocrx_word' id='word_1_141' title='bbox 623 2502 772 2584; x_wconf 85' lang='lat' dir='ltr'>usucapio</span> <span class='ocrx_word' id='word_1_142' title='bbox 795 2500 956 2584; x_wconf 90' lang='lat' dir='ltr'>perficitur</span> <span class='ocrx_word' id='word_1_143' title='bbox 983 2505 1026 2584; x_wconf 89' lang='lat' dir='ltr'>(u.</span> <span class='ocrx_word' id='word_1_144' title='bbox 1051 2519 1096 2582; x_wconf 83' lang='lat' dir='ltr'>gr.</span> <span class='ocrx_word' id='word_1_145' title='bbox 1121 2504 1194 2566; x_wconf 87' lang='lat' dir='ltr'>ante</span> <span class='ocrx_word' id='word_1_146' title='bbox 1214 2516 1244 2568; x_wconf 78' lang='lat'>15</span> 
     </span>
     <span class='ocr_line' id='line_1_18' title="bbox 85 2615 1194 2705; baseline 0.004 -25"><span class='ocrx_word' id='word_1_147' title='bbox 85 2615 151 2684; x_wconf 89' lang='lat' dir='ltr'>duos</span> <span class='ocrx_word' id='word_1_148' title='bbox 177 2625 283 2686; x_wconf 89' lang='lat' dir='ltr'>tresve</span> <span class='ocrx_word' id='word_1_149' title='bbox 310 2622 465 2705; x_wconf 85' lang='lat' dir='ltr'>menses),</span> <span class='ocrx_word' id='word_1_150' title='bbox 494 2623 527 2686; x_wconf 90' lang='lat' dir='ltr'>in</span> <span class='ocrx_word' id='word_1_151' title='bbox 554 2641 620 2686; x_wconf 88' lang='lat' dir='ltr'>rem</span> <span class='ocrx_word' id='word_1_152' title='bbox 648 2626 758 2688; x_wconf 85' lang='lat' dir='ltr'>contra</span> <span class='ocrx_word' id='word_1_153' title='bbox 786 2639 997 2703; x_wconf 88' lang='lat' dir='ltr'>possessorem</span> <span class='ocrx_word' id='word_1_154' title='bbox 1025 2638 1133 2702; x_wconf 80' lang='lat' dir='ltr'>agam,</span> <span class='ocrx_word' id='word_1_155' title='bbox 1162 2624 1194 2685; x_wconf 93' lang='lat' dir='ltr'>et</span> 
     </span>
    </p>
   </div>
   <div class='ocr_carea' id='block_1_4' title="bbox 82 2739 1243 3184">
    <p class='ocr_par' dir='ltr' id='par_1_5' title="bbox 82 2739 1243 3184">
     <span class='ocr_line' id='line_1_19' title="bbox 84 2739 1194 2824; baseline 0.003 -23"><span class='ocrx_word' id='word_1_156' title='bbox 84 2739 193 2805; x_wconf 91' lang='lat' dir='ltr'>actione</span> <span class='ocrx_word' id='word_1_157' title='bbox 222 2740 326 2806; x_wconf 88' lang='lat' dir='ltr'>adhuc</span> <span class='ocrx_word' id='word_1_158' title='bbox 360 2742 529 2824; x_wconf 88' lang='lat' dir='ltr'>pendente,</span> <span class='ocrx_word' id='word_1_159' title='bbox 563 2742 712 2824; x_wconf 89' lang='lat' dir='ltr'>usucapio</span> <span class='ocrx_word' id='word_1_160' title='bbox 741 2740 936 2823; x_wconf 85' lang='lat' dir='ltr'>perficiatur,</span> <span class='ocrx_word' id='word_1_161' title='bbox 969 2739 1081 2806; x_wconf 87' lang='lat' dir='ltr'>deinde</span> <span class='ocrx_word' id='word_1_162' title='bbox 1114 2739 1194 2804; x_wconf 88' lang='lat' dir='ltr'>citra</span> 
     </span>
     <span class='ocr_line' id='line_1_20' title="bbox 82 2860 1192 2944; baseline 0.002 -22"><span class='ocrx_word' id='word_1_163' title='bbox 82 2861 262 2938; x_wconf 86' lang='lat' dir='ltr'>possessoris</span> <span class='ocrx_word' id='word_1_164' title='bbox 286 2860 392 2926; x_wconf 90' lang='lat' dir='ltr'>dolum</span> <span class='ocrx_word' id='word_1_165' title='bbox 407 2881 519 2928; x_wconf 88' lang='lat' dir='ltr'>seruus</span> <span class='ocrx_word' id='word_1_166' title='bbox 534 2861 640 2944; x_wconf 82' lang='lat' dir='ltr'>fugam</span> <span class='ocrx_word' id='word_1_167' title='bbox 658 2865 811 2943; x_wconf 85' lang='lat' dir='ltr'>capessat,</span> <span class='ocrx_word' id='word_1_168' title='bbox 834 2864 965 2942; x_wconf 86' lang='lat' dir='ltr'>tumque</span> <span class='ocrx_word' id='word_1_169' title='bbox 988 2860 1112 2925; x_wconf 90' lang='lat' dir='ltr'>demum</span> <span class='ocrx_word' id='word_1_170' title='bbox 1135 2877 1192 2941; x_wconf 85' lang='lat' dir='ltr'>ego</span> 
     </span>
     <span class='ocr_line' id='line_1_21' title="bbox 84 2978 1192 3059; baseline 0 -17"><span class='ocrx_word' id='word_1_171' title='bbox 84 2983 161 3044; x_wconf 85' lang='lat' dir='ltr'>actor</span> <span class='ocrx_word' id='word_1_172' title='bbox 182 2981 347 3046; x_wconf 87' lang='lat' dir='ltr'>ostendam</span> <span class='ocrx_word' id='word_1_173' title='bbox 362 2999 466 3046; x_wconf 90' lang='lat' dir='ltr'>meum</span> <span class='ocrx_word' id='word_1_174' title='bbox 482 2979 608 3046; x_wconf 84' lang='lat' dir='ltr'>seruum</span> <span class='ocrx_word' id='word_1_175' title='bbox 624 2978 730 3059; x_wconf 87' lang='lat' dir='ltr'>fuisse,</span> <span class='ocrx_word' id='word_1_176' title='bbox 755 2998 825 3044; x_wconf 89' lang='lat' dir='ltr'>cum</span> <span class='ocrx_word' id='word_1_177' title='bbox 845 2979 1017 3044; x_wconf 89' lang='lat' dir='ltr'>absurdum</span> <span class='ocrx_word' id='word_1_178' title='bbox 1039 2978 1081 3043; x_wconf 91' lang='lat' dir='ltr'>sit</span> <span class='ocrx_word' id='word_1_179' title='bbox 1103 2996 1192 3044; x_wconf 91' lang='lat' dir='ltr'>reum</span> 
     </span>
     <span class='ocr_line' id='line_1_22' title="bbox 83 3098 1243 3184; baseline 0.002 -22"><span class='ocrx_word' id='word_1_180' title='bbox 83 3099 281 3179; x_wconf 85' lang='lat' dir='ltr'>condemnari,</span> <span class='ocrx_word' id='word_1_181' title='bbox 310 3099 363 3182; x_wconf 90' lang='lat' dir='ltr'>qui</span> <span class='ocrx_word' id='word_1_182' title='bbox 385 3099 462 3166; x_wconf 90' lang='lat' dir='ltr'>nihil</span> <span class='ocrx_word' id='word_1_183' title='bbox 484 3101 516 3173; x_wconf 92' lang='lat' dir='ltr'>in</span> <span class='ocrx_word' id='word_1_184' title='bbox 538 3100 623 3166; x_wconf 90' lang='lat' dir='ltr'>serui</span> <span class='ocrx_word' id='word_1_185' title='bbox 645 3099 720 3184; x_wconf 82' lang='lat' dir='ltr'>fuga</span> <span class='ocrx_word' id='word_1_186' title='bbox 742 3099 918 3182; x_wconf 86' lang='lat' dir='ltr'>deliquerit,</span> <span class='ocrx_word' id='word_1_187' title='bbox 942 3098 1064 3164; x_wconf 89' lang='lat' dir='ltr'>absolui</span> <span class='ocrx_word' id='word_1_188' title='bbox 1085 3101 1191 3162; x_wconf 87' lang='lat' dir='ltr'>autem</span> <span class='ocrx_word' id='word_1_189' title='bbox 1209 3112 1243 3164; x_wconf 81' lang='lat' dir='ltr'>ao</span> 
     </span>
    </p>
   </div>
   <div class='ocr_carea' id='block_1_5' title="bbox 0 0 1586 5338">
    <p class='ocr_par' dir='ltr' id='par_1_6' title="bbox 0 0 1586 5338">
     <span class='ocr_line' id='line_1_23' title="bbox 0 0 1586 5338; baseline 0 4"><span class='ocrx_word' id='word_1_190' title='bbox 0 0 1586 5338; x_wconf 95' lang='lat' dir='ltr'> </span> 
     </span>
    </p>
   </div>
  </div>
 </body>
</html>
