3298 5322
579 359 820 421 -414-

461 657 510 721 De
534 657 719 721 actionibus.
764 657 887 721 Titulus
912 662 940 724 6.
1159 662 1165 691 ’

231 815 308 880 Cum
332 817 371 881 de
391 817 644 924 'obligationibus
667 818 922 898 tractanerimnS,
947 818 989 881 ad
1013 818 1153 883 actiones
1176 824 1260 883 tran-

139 960 276 1004 seamus.
322 941 382 1005 hoc
410 942 493 1006 enim
521 949 665 1024 superest
693 962 733 1006 ex
762 942 825 1024 his,
862 962 942 1022 quae
977 943 1111 1025 polliciti
1146 963 1260 1006 sumus.

141 1065 277 1129 diximus
301 1065 384 1129 enim
407 1065 439 1129 in
466 1067 567 1148 prima
593 1067 790 1131 Institutione
817 1067 867 1131 ius
893 1086 1093 1132 romanorum
1121 1067 1161 1130 ad
1189 1087 1260 1150 per-

141 1210 247 1271 sonas
272 1191 396 1272 adres,
423 1191 464 1253 ad
487 1191 628 1255 actiones
652 1191 818 1274 pertinere.
865 1212 935 1255 cum
963 1191 1059 1273 igitur
1087 1192 1125 1256 de
1154 1211 1261 1274 perso-

139 1334 253 1378 narum
269 1315 425 1380 diuisione
441 1315 473 1378 in
489 1316 516 1378 Ιῧ
530 1316 728 1380 Institutione
744 1317 841 1380 locuti
858 1317 965 1391 simun,
991 1317 1029 1380 de
1045 1318 1140 1380 rebus
1157 1323 1261 1380 antem
1299 1328 1315 1379 5

139 1437 173 1501 in
201 1440 246 1502 Π11
266 1445 360 1519 atque
388 1445 478 1522 parte
507 1439 587 1504 Hl¹³⁰
610 1441 867 1521 tractarerimus‚
897 1441 990 1504 etde
1015 1440 1262 1522 obligationibus

142 1583 269 1644 quoqne
307 1564 496 1628 mentionem
530 1564 713 1645 fecerimus,
754 1565 957 1648 dispiciamus
996 1565 1034 1628 de
1074 1565 1260 1630 actionibus

142 1687 369 1753 Admonendus
402 1709 436 1752 es
470 1694 590 1771 autern,
626 1709 705 1770 quas
728 1689 936 1754 Athenienses
972 1688 1063 1763 δίκας
1095 1690 1261 1769 uocabant,

144 1831 202 1876 eas
225 1813 359 1876 Romani
383 1813 555 1876 actiones
572 1811 688 1876 dicere.
724 1813 868 1876 dicuntur
883 1833 959 1877 uero
976 1813 1164 1893 actiones,
1190 1813 1264 1893 quia

142 1955 218 2000 reos
242 1936 406 2000 indeuotos
430 1937 463 2000 in
486 1936 634 2000 iudicium
657 1937 811 2018 agimus
851 1937 1035 2001 definiamus
1060 1943 1165 2002 autem
1189 1937 1264 2017 quid
1284 1948 1318 2000 10

144 2060 187 2124 sit
221 2059 338 2123 actio:
375 2061 475 2124 actio
511 2067 560 2124 est
594 2061 642 2124 ius
676 2061 888 2144 persequendi
922 2061 1050 2143 indicio,
1086 2062 1170 2142 quod
1204 2061 1265 2126 sibi

107 2196 132 2245 1.
145 2184 288 2249 debetur.
337 2189 363 2250 1.
387 2185 562 2267 Acticnnm,
588 2206 666 2266 quas
684 2187 768 2269 apud
790 2186 912 2250 iudices
929 2187 1103 2250 arbitrosue
1126 2187 1165 2250 de
1190 2207 1265 2267 qna-

144 2309 224 2374 libet
242 2329 276 2373 re
293 2310 445 2374 aduersus
470 2311 641 2391 quemlibet
657 2331 850 2393 exercemus,
875 2331 998 2375 summa
1017 2311 1130 2376 diuisio
1147 2312 1179 2374 in
1203 2311 1264 2374 dno

146 2454 268 2516 genera
296 2434 471 2516 deducitnr;
508 2435 666 2499 actionum
702 2435 785 2499 enim
813 2435 968 2517 quaedam
1002 2436 1041 2500 in
1074 2455 1149 2499 rem
1184 2441 1264 2516 sunt,

146 2558 305 2640 quaedam
328 2559 366 2622 in
389 2579 598 2642 personam.
637 2577 773 2639 namque
790 2560 857 2642 agit
880 2559 1093 2640 unusquisque
1118 2564 1173 2622 aut
1196 2579 1266 2623 cum
1286 2569 1319 2620 15

146 2703 198 2766 eo,
228 2683 281 2764 qui
305 2684 335 2748 ei
359 2684 516 2766 obligatus
541 2689 589 2748 est
616 2684 667 2747 uel
696 2703 736 2748 ex
763 2689 926 2748 contractu
954 2684 1006 2747 uel
1034 2703 1074 2748 ex
1101 2683 1266 2764 maleficio,

146 2828 232 2888 qnae
260 2809 401 2872 actiones
429 2808 467 2872 in
494 2827 694 2892 personam
723 2809 879 2890 dicuntur,
915 2809 989 2888 quia
1017 2807 1169 2872 aduersus
1198 2829 1267 2891 per·

146 2953 270 3014 sonam,
295 2954 377 3014 quae
401 2933 557 2998 contraxit
580 2934 631 2997 nel
655 2933 787 3014 deliquit
809 2939 1002 2998 exercentur.
1049 2938 1136 2996 actor
1163 2938 1267 2996 autem

147 3058 199 3122 his
227 3058 333 3122 uerbis
361 3058 470 3122 utitur:
496 3058 547 3122 »si
581 3064 692 3140 paret
725 3058 988 3124 aduersarium
1021 3058 1111 3122 dare
1139 3058 1268 3122 facere

145 3188 342 3265 oportere,
379 3203 459 3247 enm
493 3182 606 3246 iudex
641 3183 874 3247 condemna«.
922 3189 953 3248 et
980 3183 1051 3246 aliis
1081 3181 1322 3262 quibusdam20
