3298 5322
569 465 809 528 —377-

143 649 179 723 et,
202 641 408 706 consentiente
436 640 604 721 creditore,
638 640 672 704 id
694 639 763 721 fiat,
799 646 831 704 et
857 639 904 704 ita
931 640 1095 704 liberatur
1122 640 1252 704 debitor.

142 785 234 847 neque
249 767 378 831 interest
401 767 472 847 qnis
495 765 614 846 soluat3
644 771 748 829 utrum
771 765 840 848 ipse
869 764 996 829 debitor
1025 785 1067 828 an
1091 765 1172 828 alius
1195 784 1252 848 pro

142 910 183 956 eo.
215 891 365 954 liberatur
388 890 471 954 enim
495 889 618 954 debitor
642 896 673 953 et
696 890 759 954 alio
777 889 929 970 soluente,
953 889 1022 952 sine
1042 889 1160 953 soiente
1185 889 1252 952 sine

141 1016 296 1096 ignorante
320 1015 372 1079 nel
396 1015 491 1078 etiam
515 1015 613 1078 inuito
631 1035 669 1079 eo
686 1014 801 1079 solutio
825 1014 887 1078 fiat.
917 1009 998 1078 ‘enm
1018 1035 1091 1080 reus
1108 1013 1248 1094 soluerit,

141 1139 227 1204 etiam
250 1139 278 1202 si
300 1139 354 1219 qni
369 1159 426 1222 pro
444 1159 482 1204 eo
500 1145 571 1203 snnt
587 1138 720 1222 obligati
735 1139 923 1220 liberantnr;
948 1139 1031 1204 idest
1050 1139 1253 1204 fideiussores
1291 1154 1306 1203 a

141 1270 168 1328 et
188 1263 397 1328 mandatores.
443 1263 470 1328 si
497 1263 663 1332 fideiussor
696 1263 838 1344 soluerit,
872 1284 961 1327 reum
996 1265 1125 1345 liberat,
1162 1270 1192 1328 et
1220 1283 1254 1328 se

111 1403 130 1454 1.
140 1389 325 1471 obligatione
348 1388 493 1452 exsoluit.
521 1391 568 1454 ‘L
592 1388 849 1470 Aooeptilatio
874 1408 1001 1470 quoque
1030 1389 1255 1471 obligationem

138 1513 222 1577 tollit.
269 1513 468 1596 aooeptilatio
493 1519 550 1594 est,
576 1514 603 1578 si
627 1534 697 1577 eam
721 1514 850 1578 definire
874 1513 970 1595 nelle,
1001 1513 1255 1596 »imaginaria

25 1641 27 1650 “
139 1637 273 1702 solutio
297 1637 547 1702 sollemnibus
571 1640 700 1702 uerbis
724 1641 855 1704 taeta«.
898 1638 984 1720 quod
1010 1639 1093 1702 enim
1116 1638 1193 1701 mihi
1216 1657 1255 1700 ex

139 1763 303 1826 uerborum
331 1762 524 1844 obligatione
560 1763 705 1844 debetur,
741 1763 774 1826 id
807 1764 834 1827 si
864 1764 960 1827 uelim
994 1763 1053 1827 tibi
1087 1763 1255 1842 remittere,
1276 1773 1309 1824 10

137 1887 247 1968 poterit
271 1887 317 1952 sio
340 1887 483 1952 remissio
506 1888 582 1970 fieri,
607 1895 640 1952 111
663 1889 768 1972 patiar
791 1894 822 1952 te
846 1887 1019 1952 debitorem
1046 1889 1126 1952 haee
1150 1887 1255 1951 disere

138 2012 246 2076 uerba:
261 2012 374 2092 »qnod
390 2032 459 2094 ego
476 2012 549 2076 tibi
563 2013 721 2095 promisi
737 2013 902 2077 habesne
919 2009 1167 2100 aoeeptumfle
1182 2030 1255 2092 ego-

137 2155 195 2214 que
206 2137 432 2218 respondeam:
446 2138 598 2203 ‘habeo'.
615 2145 663 2202 set
675 2145 706 2202 et
718 2157 832 2220 graeoe
844 2145 949 2221 potest
960 2137 1030 2202 fieri
1043 2135 1254 2220 aooeptilatiO,

136 2259 305 2325 dnmmodo
329 2261 374 2326 sio
401 2261 469 2343 fiat,
498 2267 533 2326 111
561 2263 656 2327 etiam
679 2263 777 2327 latine
804 2263 873 2326 fieri
901 2263 997 2326 solet:
1030 2259 1124 2342 »ἔχεις
1147 2258 1256 2342 λαβὼν

138 2381 276 2470 δηνάρια
299 2383 393 2468 rtem
417 2382 479 2465 ἔχω
495 2382 627 2468 daflata«.
666 2387 878 2470 aoeeptilatio,
903 2393 938 2450 nt
962 2387 1080 2450 dietum
1104 2393 1161 2466 est,
1186 2396 1308 2448 uer-15

136 2511 246 2574 borum
270 2515 392 2573 tantnm
416 2509 643 2592 obligationem
667 2511 826 2594 dissoluit,
851 2531 914 2575 non
938 2531 1013 2574 nero
1039 2515 1177 2590 oeteras,
1203 2528 1256 2572 ue-

135 2633 191 2698 lnti
217 2633 395 2698 litterarum
423 2641 454 2698 et
481 2653 644 2700 eonsensn.
691 2641 933 2700 eonsentaneum
965 2635 1049 2698 enim
1077 2633 1179 2697 nisum
1208 2640 1257 2698 est

136 2758 241 2828 uerbis
265 2759 383 2822 saetam
410 2759 634 2842 obligationem
662 2761 734 2824 aliis
762 2759 868 2824 uerbis
896 2779 992 2842 posse
1021 2758 1161 2822 dissolui.
1208 2759 1256 2822 sin

136 2888 240 2947 antem
265 2883 330 2947 alia
354 2903 394 2948 ex
417 2903 515 2948 eausa
543 2885 612 2966 quis
640 2884 717 2948 mihi
745 2884 902 2966 obligatus
931 2883 987 2964 sit,
1016 2883 1115 2947 ueluti
1142 2903 1177 2947 re
1204 2883 1256 2947 nel

134 2975 248 3072 litteris
273 3008 337 3072 nel‘
352 3028 520 3092 consensu,
548 3010 600 3074 nel
627 3009 762 3091 negotiis
791 3009 889 3092 gestis
917 3009 970 3073 nel
993 3029 1035 3072 ex
1057 3011 1255 3088 testamenta,
1276 3019 1310 3069 20

134 3131 353 3212 uolnerimqne
368 3133 427 3198 tibi
442 3133 502 3198 hoo
519 3134 657 3198 debitum
673 3134 841 3214 remittere,
866 3153 995 3216 possum
1016 3134 1060 3197 ita
1077 3154 1095 3196 a
1112 3139 1143 3196 te
1160 3131 1256 3214 stipu-

134 3257 208 3321 lari:
236 3257 355 3338 »quod
373 3259 462 3322 mihi
481 3278 525 3322 ex
547 3259 615 3322 hao
640 3279 754 3322 eausa
778 3258 893 3322 debes
917 3258 1011 3322 dare
1036 3257 1254 3341 spondesa:

135 3382 218 3446 etsi
243 3383 375 3446 dixeris:
402 3383 601 3466 spondeo,
630 3383 717 3466 prior
742 3383 862 3446 tollitur
885 3383 1059 3464 obligatio,
1088 3382 1256 3445 uerborum

134 3512 242 3572 antem
271 3508 422 3590 obligatio
451 3508 603 3590 naseitnr,
637 3515 669 3572 11
701 3507 849 3590 deinoeps
880 3506 943 3573 hae.
974 3513 1150 3588 eontracta,
1184 3526 1256 3571 oon-
