3164 5338
498 393 738 458 —358-

78 587 154 632 suurn
180 566 309 630 fundum
338 586 443 648 arare,
473 585 542 631 oum
569 589 663 632 unum
691 568 903 633 tantummodo
932 570 1046 633 bouem
1073 569 1173 651 possi-

79 691 159 756 deret.
203 691 231 756 si
253 691 334 756 inter
357 711 413 756 eos
437 692 603 775 placuerit,
627 699 660 756 ut
688 712 745 776 per
768 691 865 757 denos
890 692 957 756 dies
982 693 1173 757 alteralteri

74 816 220 900 proprium
252 816 365 880 bouem
398 817 550 881 concedat
578 817 619 880 ad
645 817 774 880 fundum
803 817 986 900 accipientis
1010 817 1172 898 arandum,

75 948 104 1004 et
130 939 206 1023 apud
236 941 369 1004 alterurn
396 941 453 1005 bos
478 941 616 1024 perierit,
648 961 749 1022 neque
777 941 893 1005 locatio
922 941 1075 1006 eiusmodi
1102 961 1173 1005 con-

73 1072 176 1130 tractus
201 1071 262 1146 est,
286 1085 356 1130 cum
376 1066 501 1130 nonsit
524 1066 663 1130 certain
689 1065 824 1149 pecunia
850 1072 1014 1130 numerata
1041 1085 1171 1146 mercor,
1210 1077 1225 1127 5

72 1209 163 1270 neque
174 1190 418 1272 commodatum;
433 1191 663 1254 commodatum
674 1191 756 1255 enim
768 1190 935 1272 gratuitum
949 1209 1019 1254 esse
1033 1196 1172 1273 oportet:

70 1316 101 1379 in
121 1315 174 1380 hoc
196 1334 272 1379 uero
296 1334 372 1379 casu
395 1315 422 1378 is
447 1315 500 1395 qni
527 1316 641 1379 bouem
668 1314 817 1380 utendum
845 1315 899 1378 dat
922 1334 961 1379 ex
984 1321 1090 1379 mutuo
1115 1334 1172 1377 usu

70 1441 301 1504 emolumenturn
316 1440 412 1504 habet
434 1439 487 1504 uel
502 1447 609 1522 sperat
624 1460 658 1504 se
674 1439 859 1503 habiturum.
894 1439 1000 1519 itaque
1017 1439 1173 1504 actionem

69 1564 314 1648 praescriptis
337 1564 467 1629 uerbis
492 1564 643 1628 aduersus
668 1584 738 1628 eum
762 1565 815 1646 qui
830 1585 897 1630 rem
912 1564 1049 1648 perdidit
1066 1564 1173 1629 decer-

44 1694 61 1745 3·
69 1690 170 1755 nimus
201 1693 230 1756 3.
253 1688 341 1752 Adeo
358 1695 463 1753 autem
479 1688 677 1753 familiaritas
694 1689 849 1771 quaedam
865 1690 946 1754 inter
961 1689 1172 1754 uenditionem
1194 1696 1226 1746 10

69 1823 97 1881 et
106 1787 292 1880 locationem
308 1813 481 1894 intercedit,
498 1813 575 1878 utin
587 1814 774 1895 quibusdam
787 1814 890 1878 causis
903 1813 1031 1878 dubium
1044 1813 1171 1892 oriatur,

68 1945 160 2004 utrum
183 1938 323 2003 uenditio
348 1958 389 2002 an
412 1937 527 2003 locatio
552 1938 593 2002 sit
615 1937 646 2001 id
671 1937 754 2018 quod
778 1939 889 2020 agitur.
923 1938 956 2002 id
973 1944 1077 2002 autem
1101 1957 1172 2002 oon-

67 2063 151 2146 tingit
173 2063 206 2127 in
230 2062 333 2126 causis
357 2060 532 2143 simillimis,
565 2062 663 2126 veluti
684 2062 716 2125 in
738 2062 886 2145 praediis
916 2081 997 2144 quae
1020 2067 1171 2145 perpetuo

68 2187 246 2269 quibusdam
268 2185 402 2251 fruenda
424 2186 597 2269 raduntur,
618 2191 652 2249 ut
672 2187 820 2266 quamdiu
841 2187 950 2270 pensio
972 2187 1039 2251 siue
1054 2186 1172 2250 reditus

67 2313 192 2396 probis
221 2311 346 2376 domino
374 2316 565 2394 praestetur,
594 2331 696 2393 neque
725 2311 907 2376 conductori
935 2331 1036 2392 neque
1064 2311 1173 2376 heredi
1193 2318 1225 2368 15

67 2438 137 2518 eius,
161 2437 252 2500 cuine
276 2435 447 2500 conductor
469 2436 601 2500 heresue
618 2436 684 2501 eius
700 2435 733 2500 id
748 2436 909 2520 praedium
927 2435 1103 2500 uendiderit
1118 2442 1172 2500 aut

67 2561 224 2626 donauerit
247 2567 301 2626 aut
325 2560 407 2625 dotis
431 2560 555 2624 nomine
586 2559 721 2641 dederit,
750 2561 854 2625 alioue
884 2580 944 2642 quo
975 2559 1067 2625 modo
1096 2560 1171 2624 alie·

66 2685 195 2766 nouerit,
229 2705 270 2750 ea
292 2705 384 2749 nemo
409 2685 541 2749 auferat.
586 2691 635 2749 set
661 2685 733 2748 talis
758 2689 951 2765 contractuS,
988 2684 1061 2765 quia
1091 2683 1172 2748 inter

65 2814 182 2874 ueteres
206 2809 409 2874 dubitabatur
431 2815 463 2873 et
486 2829 506 2873 a
530 2809 717 2889 quibusdam
740 2809 864 2890 locatio,
890 2811 930 2873 ab
944 2809 1015 2874 aliis
1032 2808 1170 2873 uenditio

65 2933 297 2998 existimabatur
321 2933 488 3015 (penditio,
519 2933 593 3014 quia
616 2941 647 2998 et
671 2933 713 2996 ad
738 2930 871 2998 heredes
894 2953 945 2998 res
969 2933 1116 2997 transiret
1141 2938 1171 2997 et
1191 2938 1225 2988 ‘20

64 3057 155 3122 uariis
177 3058 280 3150 modis
303 3057 437 3122 alienari
458 3064 581 3141 posset,
606 3057 737 3140 locatio,
767 3059 841 3138 quia
867 3058 977 3142 pensio
1005 3057 1171 3138 quotannis

65 3181 260 3266 solueretur),
290 3183 356 3247 lata
380 3189 428 3247 est
451 3183 629 3247 constitutio
654 3183 719 3246 diui
741 3183 891 3264 Zenonis,
914 3202 995 3265 quae
1019 3157 1172 3266 emphy-

64 3307 184 3370 teusin
193 3307 275 3372 hunc
292 3312 484 3372 contractum
499 3307 633 3389 uocauit,
648 3307 809 3390 propriam
821 3314 965 3372 naturam
978 3307 1008 3371 ei
1020 3312 1170 3387 statuens,

64 3446 161 3509 neque
173 3431 214 3495 ad
224 3431 412 3496 locationem
424 3450 554 3514 prorsus
563 3451 666 3511 neque
679 3431 721 3494 ad
736 3431 949 3496 uenditionem
966 3437 1170 3513 spectantem,

64 3557 107 3615 set
139 3555 276 3639 propriis
313 3554 426 3620 finibus
464 3556 695 3620 consistentem.
752 3562 785 3620 et
822 3555 849 3620 si
888 3555 1014 3638 quidem
1053 3554 1171 3635 aliquid
1191 3558 1224 3608 25
