3164 5338
525 459 560 470 —
607 423 673 488 aaa
713 457 755 471 -

93 627 164 674 oem
185 626 325 676 aureos
348 608 502 673 daniso«
528 608 677 692 obligatio
694 608 820 692 quidem
842 607 918 674 mihi
941 609 1106 692 stipulanti
1125 605 1195 675 tarr-

92 728 243 792 tummodo
273 729 463 812 adquiritur,
492 729 615 796 soluere
641 729 857 808 tamensem,
884 747 935 794 me
961 729 1056 794 etiam
1084 729 1194 808 inuito,

91 851 167 912 recle
191 847 324 929 poteria,
355 849 401 915 ita
427 853 464 914 ιιι
492 855 528 914 tu
556 849 624 932 ipso
653 850 721 915 iure
750 848 899 916 soluendo
926 849 1076 915 libereris.
1128 849 1196 931 ipse

91 971 187 1031 autem
218 967 341 1034 habebo
373 973 484 1051 postea
516 973 626 1034 eontra
655 967 761 1034 Seium
793 968 934 1034 mandati
967 969 1122 1034 actionem
1155 967 1196 1033 ad

91 1104 192 1153 aureos
214 1087 260 1152 illi
288 1083 379 1156 datos
405 1089 566 1174 petendos.
611 1091 696 1173 quod
718 1091 745 1156 si
766 1087 813 1155 ita
834 1089 979 1172 stipuler:
1012 1089 1130 1156 »mihi
1157 1093 1229 1156 eto

90 1206 185 1271 Titio
211 1207 315 1290 (emus
336 1209 398 1274 iuri
424 1227 485 1274 non
516 1209 575 1278 sim
598 1209 770 1292 subiectus)
798 1208 929 1274 decem
959 1227 1103 1274 aureos
1132 1208 1197 1274 da·

90 1324 202 1404 bist«,
226 1327 314 1392 ualet
339 1328 465 1409 quidem
490 1329 667 1412 stipulatio,
698 1334 747 1395 set
772 1333 881 1394 utrum
910 1333 1013 1394 totum
1033 1328 1196 1406 debeatur,

90 1444 166 1526 quod
186 1445 219 1510 in
241 1446 476 1529 stipulationem
499 1449 667 1514 deductum
690 1452 752 1526 est,
780 1448 871 1529 quasi
892 1465 932 1514 ne
960 1447 1108 1513 uideatur
1129 1447 1197 1529 qui·

90 1563 151 1630 dem
172 1567 203 1631 in
226 1568 430 1650 stipulatione
451 1569 526 1636 Titii
552 1570 669 1636 mentio
695 1587 765 1635 esse
786 1568 884 1647 lacta,
915 1568 1031 1650 quippe
1060 1568 1114 1650 qui
1144 1567 1197 1633 ad-

90 1685 258 1766 quisitionis
285 1687 418 1770 incapax
445 1690 500 1767 sit,
529 1709 568 1754 an
591 1687 720 1754 dimidia
740 1707 815 1771 pars
836 1692 976 1766 tantum,
1006 1705 1077 1751 oum
1108 1691 1193 1751 »et«
1218 1701 1248 1752 ιο

90 1805 258 1870 coniunctio
280 1807 473 1890 complexiua
494 1808 550 1888 sit,
580 1808 758 1888 ambigitur.
803 1806 922 1889 placuit
943 1823 1019 1872 uero
1042 1823 1104 1872 non
1125 1806 1196 1890 plus

90 1941 174 2004 quam
207 1925 369 2000 dimidiam
401 1931 525 2009 partem
557 1925 633 1992 mihi
666 1925 831 2009 stipulanti
864 1924 988 2006 adquiri
1022 1942 1093 1990 oum
1124 1923 1197 1990 Titii

89 2042 196 2108 mentio
231 2043 387 2110 inutiliter
425 2045 621 2127 stipulationi
653 2045 820 2110 inseratur.
875 2044 902 2110 si
938 2062 1015 2109 uero
1051 2044 1196 2127 stipuler:

92 2161 216 2228 »Titio
240 2163 399 2230 dabisl«
432 2165 536 2246 sitque
557 2165 658 2230 Titius
680 2165 740 2230 iuri
762 2183 832 2230 meo
854 2164 1023 2243 subiectus,
1046 2164 1122 2229 mihi
1145 2163 1198 2229 ad·

90 2280 184 2360 quno:
213 2301 287 2347 mea
313 2284 396 2348 enim
422 2303 484 2350 uor
511 2289 663 2366 tanquam
691 2283 746 2348 lilii
771 2283 833 2348 mei
860 2301 929 2349 esse
957 2284 1085 2349 uidetur
1105 2284 1198 2350 sicuti
1218 2299 1249 2349 15

89 2397 136 2463 filii
156 2421 217 2466 uox
240 2408 393 2486 tanquam
415 2423 498 2486 mea;
520 2405 553 2470 in
574 2404 622 2470 his
645 2405 738 2471 rebus
761 2403 908 2470 nimirum
931 2422 1012 2485 quae
1033 2405 1123 2470 nobis
1145 2405 1199 2469 ad-

89 2521 162 2599 quiri
182 2530 331 2606 possunt3
362 2525 447 2606 quod
468 2525 561 2592 hodie
590 2525 629 2590 de
656 2525 693 2590 iis
723 2525 937 2608 accipiendum
966 2503 1027 2602 est,
1055 2543 1136 2605 quae
1161 2543 1199 2590 ex

20 2701 21 2720 2
58 2651 75 2699 5.
90 2657 118 2708 re
137 2643 236 2723 patris
261 2643 400 2710 ueniunt.
435 2647 463 2708 5.
488 2645 618 2713 Praeter
639 2643 732 2710 hasne
757 2643 976 2728 stipulationes
1003 2643 1123 2710 inutilis
1144 2643 1199 2710 illa

89 2763 174 2828 etiam
195 2769 262 2844 est,
290 2763 317 2829 si
339 2765 409 2845 quis
438 2764 479 2829 ad
501 2783 539 2830 ea
560 2782 641 2846 quae
660 2765 874 2846 interrogatus
896 2763 971 2841 erit,
999 2781 1060 2828 non
1087 2782 1199 2829 conue-

89 2884 201 2950 nienter
215 2885 416 2968 respondeat,
435 2885 547 2950 ueluti:
574 2885 817 2969 »spondesne
832 2885 928 2950 dare
943 2884 1034 2949 mihi
1056 2903 1198 2951 aureos
1216 2894 1250 2946 ao

90 3001 272 3083 decemlr,
296 3009 333 3068 tu
354 3023 431 3070 uero
453 3005 555 3071 dieas:
581 3006 777 3088 »quinque
803 3023 942 3071 aureos
964 3005 1099 3070 dabo«.
1143 3011 1200 3070 aut

89 3123 111 3186 si
130 3143 185 3206 ego
205 3124 347 3207 quinque
367 3125 427 3190 sim
441 3126 620 3209 stipulatus,
644 3130 679 3190 tu
702 3144 778 3191 uero
801 3125 907 3192 decem
929 3125 1118 3207 promiseris.
1143 3131 1200 3190 ant

89 3243 111 3306 si
130 3263 185 3326 ego
208 3244 338 3326 quidem
365 3263 445 3326 pure
472 3245 531 3310 sim
561 3245 746 3328 stipulatus,
777 3249 813 3308 tu
835 3262 911 3310 uero
939 3245 999 3310 sub
1020 3245 1200 3310 condicione

90 3364 273 3443 promiseris
295 3364 347 3430 uel
369 3367 487 3442 eontra,
511 3364 570 3429 sub
590 3363 770 3432 condicione
791 3381 841 3428 me
861 3363 1041 3445 stipulante,
1064 3369 1100 3428 tu
1121 3383 1200 3446 pure

90 3483 273 3560 promiseris.
307 3481 384 3547 haee
405 3487 512 3547 autem
535 3481 611 3546 dieo.
646 3483 673 3547 si
695 3481 860 3548 manifeste
881 3481 914 3546 id
935 3483 1092 3565 exprimas
1115 3483 1200 3564 quod
1217 3490 1251 3541 aa

90 3596 133 3678 iis,
155 3621 237 3683 quae
261 3601 465 3684 stipulatione
486 3601 700 3680 eontinentur,
724 3601 766 3666 sit
788 3600 995 3680 eontrarium3
1022 3605 1060 3665 ut
1081 3620 1151 3666 eece
1173 3601 1200 3665 si
1246 3597 1262 3626 ⁸

91 3736 133 3784 me
153 3723 212 3788 sub
235 3720 417 3787 condicione
442 3721 493 3788 uel
520 3721 551 3785 in
580 3721 664 3786 diem
686 3721 871 3804 stipulante,
902 3719 1052 3786 daturum
1075 3725 1107 3785 te
1129 3739 1198 3802 pro-
