3298 5322
585 357 825 421 —406-

492 639 541 702 De
565 638 694 702 iniuriis.
740 637 863 702 Titulus
887 644 915 702 4.

237 797 311 878 Eos,
336 797 390 877 qui
411 797 557 861 iniuriam
583 798 756 878 admittunt,
779 797 848 861 iura
872 797 1040 880 impunitos
1061 816 1124 861 non
1148 798 1260 862 sinunt.

146 922 344 1005 generaliter
366 921 506 985 iniuria
529 921 641 986 dicitur
660 941 751 986 omna
774 922 857 1003 quod
879 942 950 986 non
973 922 1052 986 iure
1069 921 1115 1004 fia
1140 923 1260 1005 specia-

147 1047 221 1111 liter
249 1047 329 1110 alias
354 1046 617 1142 ›contumelia‹
646 1067 665 1109 a
694 1045 1010 1127 »contemnendo‹,
1036 1067 1129 1128 quam
1153 1047 1260 1129 graeci

147 1168 241 1256 ὕβριν
264 1171 440 1254 appellant,
465 1171 546 1235 alias
562 1171 675 1235 dicitur
699 1171 855 1255 »culpa«,
880 1191 974 1252 quam
993 1170 1102 1252 graeci
1117 1168 1258 1255 ἀδίκημα

146 1302 276 1376 uocant,
310 1296 407 1360 ueluti
440 1296 473 1360 in
506 1297 577 1377 lege
613 1295 740 1377 aquilia.
791 1295 921 1360 dicimus
956 1296 1038 1360 enim
1074 1296 1259 1360 »damnum
1297 1310 1312 1360 5

147 1419 316 1500 iniuria«,
340 1420 420 1484 idest
443 1426 574 1484 eontra
597 1419 653 1484 ius
677 1419 815 1484 inlatum.
862 1419 941 1484 alias
969 1419 1082 1484 dicitur
1105 1420 1259 1500 »iniqui-

146 1550 224 1608 tas«
258 1549 289 1608 et
317 1543 554 1623 »iniustitia«,
590 1564 683 1624 quam
717 1545 825 1627 graeci
856 1541 988 1607 ἀδικίαν
1022 1550 1143 1609 uocant.
1190 1565 1259 1608 cum

148 1669 233 1732 euim
255 1675 384 1751 praetor
405 1669 457 1732 ucl
478 1667 572 1734 iudex
589 1689 650 1732 nou
671 1669 738 1732 iure
757 1675 867 1732 contra
886 1669 1051 1748 quemdam
1068 1669 1258 1751 pronuntiat,

113 1803 137 1852 1.
150 1792 282 1858 dicimus
293 1813 373 1873 eum,
388 1793 441 1874 qui
452 1793 557 1858 laesus
568 1801 624 1874 cst,
643 1793 838 1856 »iniuriam
855 1793 1078 1876 accepisse«.
1106 1793 1260 1858 l.Iniuria

148 1925 254 1982 autem
278 1918 477 1982 committitur
499 1938 563 1983 uon
585 1938 619 1982 rc
646 1924 780 1998 tautum,
809 1924 857 1982 set
885 1918 980 1982 etiarn
1007 1918 1121 1982 uerbis.
1167 1923 1199 1982 et
1220 1938 1259 1983 rc
1280 1930 1313 1980 10

148 2042 289 2124 quidem,
318 2062 387 2106 oum
411 2043 480 2122 quis
504 2063 609 2125 pugno
637 2047 691 2106 aut
712 2042 811 2124 uirgis
835 2049 889 2106 aut
912 2043 1045 2106 fustibus
1073 2062 1185 2108 caesus
1209 2043 1258 2124 sit,

148 2172 203 2230 aut
227 2167 400 2232 conuicium
423 2188 536 2250 passus
561 2168 609 2231 sit.
648 2167 856 2232 conuicium
880 2173 938 2248 cst,
963 2187 1032 2231 cum
1049 2168 1118 2249 quis
1142 2168 1174 2232 in
1189 2169 1259 2233 loco

148 2291 284 2371 quodam
307 2293 393 2356 urbis
417 2291 583 2375 spectabili
606 2292 759 2356 eiusmodi
780 2312 830 2356 me
854 2292 981 2356 adficiat
1004 2293 1201 2374 contumelia,
1226 2301 1259 2356 ut

147 2417 241 2479 turba
274 2417 433 2480 homiuum
468 2422 641 2481 concurrat.
687 2437 725 2481 re
760 2436 883 2497 quoque
911 2416 944 2480 lit
971 2417 1099 2498 iniuria,
1135 2417 1163 2482 si
1190 2418 1259 2497 quis

148 2541 336 2624 intellegens
367 2561 416 2604 me
448 2542 477 2604 ci
504 2541 582 2604 nihil
610 2541 739 2622 debere,
769 2543 853 2605 bona
881 2561 966 2621 mea,
996 2541 1087 2621 quasi
1116 2541 1259 2622 creditor,
1280 2557 1312 2608 15

149 2665 318 2748 possideat.
379 2667 494 2730 uerbo
530 2673 635 2730 autem
666 2666 700 2730 fit
733 2666 861 2748 iniuria,
902 2686 971 2729 oum
1011 2667 1080 2746 quis
1119 2666 1260 2730 libellum

147 2789 309 2872 scripserit
339 2809 505 2855 carmeuue
540 2790 750 2874 composuerit
784 2791 833 2854 ad
860 2810 962 2854 meam
996 2790 1172 2870 infamiam,
1207 2790 1259 2854 uel

148 2913 296 2995 ediderit,
327 2921 380 2978 aut
403 2915 480 2978 nihil
504 2915 630 2995 quidem
654 2915 807 2980 eiusmodi
829 2914 951 2996 fecerit,
975 2915 1133 2978 curauerit
1154 2919 1260 2978 tamen

147 3037 222 3102 dolo
250 3039 348 3120 malo,
380 3039 512 3120 utquid
541 3039 651 3103 horum
679 3039 775 3104 fieret.
811 3059 894 3128 uam
921 3038 974 3102 isti
1001 3058 1108 3103 omues
1136 3039 1259 3102 actione

147 3161 332 3226 iniuriarum
366 3169 519 3228 tenentur.
564 3171 599 3228 ut
633 3184 707 3228 cccc
736 3163 858 3226 Primus
893 3162 934 3226 ad
960 3183 1063 3227 meam
1097 3162 1259 3226 infamiam
1278 3178 1313 3230 20

148 3305 276 3351 carmen
292 3288 425 3370 scripsit,
451 3288 612 3352 Secundus
636 3287 818 3372 composuit,
841 3287 966 3352 Tertius
990 3287 1098 3369 edidit,
1122 3285 1259 3362 Quartus

147 3409 226 3474 nihil
249 3411 401 3476 eiusmodi
427 3412 515 3492 fecit,
545 3411 617 3476 dolo
646 3418 750 3476 autem
777 3432 834 3475 suo
863 3411 984 3476 curauit
1010 3419 1044 3474 ut
1072 3411 1260 3475 scriberetur
