3164 5338
556 394 787 458 -340-

125 580 239 659 derent3
261 579 330 646 ideo
346 578 529 646 constitutio
544 579 610 644 lata
625 584 674 645 est
693 581 793 646 nostri
814 579 964 663 principis
986 580 1116 646 celerem
1138 580 1230 648 finem

122 699 267 765 eiusmodi
295 699 551 788 contentionibus,
573 697 722 777 afferens,
752 718 846 781 quam
874 699 915 764 ad
937 699 1109 765 Caesareae
1135 700 1230 766 aduo

122 824 202 885 catos
223 818 363 902 scripsit:
384 837 441 900 per
462 837 558 900 quam
577 818 733 901 disposuit
753 820 833 884 tales
856 819 1038 902 scripturae,
1061 821 1093 885 in
1116 820 1231 902 quibus

120 944 241 1021 praesto
272 957 341 1004 esse
369 943 505 1021 utraque
534 957 609 1021 pars
639 938 770 1018 dicitur,
805 939 981 1005 omnimodo
1004 958 1072 1006 esse
1105 941 1231 1008 creden·

120 1059 185 1138 das,
212 1059 272 1124 nisi
299 1057 380 1124 iorte
406 1059 474 1142 ipse
497 1057 550 1142 qui
578 1059 674 1124 talem
700 1059 874 1142 improbam
900 1057 990 1125 affert
1012 1061 1263 1144 allegationcm5

120 1177 366 1246 manifestissime
388 1178 613 1264 approbauerit
627 1199 684 1263 per
698 1180 871 1263 scripturas
894 1199 950 1246 seu
972 1184 1069 1246 testes
1090 1181 1229 1262 idoneos,

121 1303 182 1365 toto
204 1317 241 1364 eo
264 1299 324 1376 die,
347 1316 410 1380 quo
433 1297 638 1366 conficeretur
658 1300 915 1377 instrumentum,
939 1299 991 1364 uel
1013 1317 1082 1365 sese
1103 1301 1155 1366 uel
1177 1301 1231 1366 ad-

79 1415 292 1511 ¹3·uersarium
314 1436 406 1484 suum
428 1418 460 1482 in
476 1418 545 1484 aliis
561 1418 636 1484 locis
659 1437 727 1484 esse
748 1423 919 1484 uersatum.
955 1419 1002 1482 13.
1025 1418 1116 1485 Post
1136 1438 1230 1486 mor·

120 1543 186 1602 tem
207 1555 316 1603 suam
339 1538 408 1602 dari
430 1538 500 1620 quis
523 1538 581 1603 sibi
603 1539 757 1604 inutiliter
778 1537 961 1621 stipulatur,
989 1538 1081 1604 sicuti
1104 1543 1230 1622 etpost

119 1656 314 1738 promissoris
335 1661 483 1722 mortem:
507 1676 543 1723 ac
564 1677 604 1723 nc
625 1658 652 1724 is
674 1657 801 1740 quidem
824 1658 876 1740 qui
899 1658 931 1723 in
954 1659 1083 1724 alterius
1106 1665 1155 1726 est
1175 1679 1230 1744 po
1250 1669 1280 1718 1⁰

119 1780 237 1854 testate,
262 1777 363 1842 ueluti
385 1795 496 1842 seruus
511 1775 643 1856 filiasue,
667 1784 739 1859 post
758 1777 923 1878 patrissui
945 1779 995 1844 uel
1011 1779 1128 1844 domini
1148 1799 1230 1846 mor-

118 1901 176 1960 tem
208 1897 316 1963 aalide
348 1898 529 1980 stipulatur.
574 1902 623 1964 set
649 1903 682 1963 et
710 1899 737 1964 si
766 1898 836 1980 quis
863 1899 909 1964 ita
935 1903 1019 1966 esset
1044 1900 1228 1981 stipulatus:

121 2016 272 2098 »pridie
305 2036 418 2099 quam
454 2018 627 2083 moriar«
663 2018 715 2082 uel
751 2036 883 2100 »quam
922 2019 1101 2086 morieris
1134 2020 1230 2086 darc

117 2137 324 2218 spondesrl
359 2137 479 2202 inutilis
514 2142 583 2203 erat
619 2138 795 2221 stipulatio,
829 2158 899 2204 cum
931 2140 1006 2205 item
1035 2139 1076 2204 ad
1107 2145 1230 2222 tempus

118 2259 183 2336 post
208 2261 346 2322 mortem
374 2260 516 2323 secutam
542 2257 619 2324 haec
645 2259 744 2324 uerba
769 2264 964 2340 spectarent3
993 2261 1120 2342 pridie
1146 2262 1228 2327 enim
1248 2267 1279 2317 15

118 2376 253 2442 mortis
279 2375 333 2459 qui
356 2376 421 2442 dios
444 2376 487 2442 sit
507 2377 726 2444 tantummodo
748 2383 820 2459 post
842 2385 974 2445 mortem
996 2381 1149 2446 nouimus.
1180 2387 1229 2446 set

118 2514 190 2574 cum,
214 2495 265 2560 uti
289 2496 414 2578 saepius
436 2495 555 2562 dictum
577 2501 638 2576 est,
668 2517 705 2562 ex
727 2517 880 2564 consensu
903 2500 1152 2566 contrahentium
1174 2501 1228 2566 sti-

117 2616 289 2698 pulationes
311 2617 450 2692 ualeant,
478 2616 597 2698 placuit
617 2617 749 2700 principi
770 2622 879 2684 nostro
901 2619 981 2684 hanc
1003 2638 1128 2702 quoque
1149 2619 1227 2686 iuris

118 2741 233 2816 partem
249 2736 467 2802 emendatione
487 2737 625 2818 dignare,
648 2737 702 2817 ita,
726 2743 762 2802 ut
777 2739 844 2804 siue
864 2737 956 2820 'post
977 2745 1138 2805 mortem
1161 2740 1228 2806 siue

116 2855 240 2936 pridie
264 2873 377 2937 quam
399 2855 594 2921 moriatur
616 2857 784 2938 stipulator
801 2877 856 2923 sau
871 2859 1043 2939 promissor
1064 2859 1227 2943 stipulatio
1244 2863 1278 2914 20

80 2975 108 3024 ¹⁴·
117 2981 260 3059 concepta
291 2979 355 3054 est,
387 2974 619 3058 proculdubio
648 2977 763 3042 ualeat.
810 2979 857 3041 14.
888 2977 1011 3042 Inutilis
1038 2982 1088 3044 est
1114 2997 1228 3063 prae·

115 3099 276 3176 postera
303 3113 429 3177 quoque
456 3095 632 3177 stipulatio,
663 3097 762 3164 ueluti
792 3098 819 3163 si
846 3098 916 3179 quis
945 3098 1127 3182 stipuletur:
1169 3099 1227 3164 »si

116 3231 193 3281 cras
216 3215 333 3281 nauis
360 3233 403 3281 ex
425 3215 520 3280 Asia
547 3215 715 3294 uenerit,
744 3216 856 3281 hodie
882 3216 971 3282 mihi
993 3217 1081 3284 dare
1107 3236 1227 3302 spon·

116 3333 226 3402 desa?
248 3335 370 3401 inutilis
393 3341 498 3401 autem
518 3340 567 3401 est
589 3335 760 3419 stipulatio,
784 3355 853 3402 cum
876 3356 938 3402 non
960 3342 1106 3422 oporteat
1128 3335 1227 3404 datio

115 3473 180 3520 nem
196 3455 388 3523 condicionis
404 3457 530 3524 euentui
546 3457 739 3538 antecedere,
761 3458 837 3539 quin
852 3458 942 3542 sequi
957 3458 1059 3524 debet.
1085 3462 1135 3524 set
1155 3476 1227 3525 cum
1243 3460 1277 3514 25
