3164 5338
566 410 795 474 -341-

145 596 239 662 Leonis
260 596 301 661 sit
316 596 507 675 constitutio,
530 615 612 677 quae
631 597 663 660 in
686 597 812 662 dotibus
834 601 1070 679 praeposteram
1092 595 1240 662 admittat

143 715 373 797 stipulationem,
402 715 472 780 ideo
499 716 644 798 princeps
673 721 781 781 noster
802 735 937 798 aequum
959 735 1028 781 esse
1054 715 1181 797 putauit
1206 717 1239 780 in

142 835 267 899 omnibus
294 833 550 915 stipulationibus
572 839 794 917 praeposterae
823 833 1004 900 adiectionis
1026 835 1140 899 uitium
1162 834 1238 900 obli·

141 955 281 1035 gationem
307 972 369 1018 non
396 953 515 1019 tollere.
559 958 765 1037 praepostera
791 959 840 1020 est
868 954 950 1018 enim
972 954 1134 1037 stipulatio
1157 957 1190 1018 et
1211 953 1238 1018 si

141 1073 240 1138 licam:
275 1074 468 1155 »spondeo
495 1073 566 1139 tibi
596 1073 719 1138 decem
747 1091 885 1138 aureos
912 1073 1030 1138 hodie
1058 1073 1169 1152 dare,
1203 1073 1271 1138 sit

139 1209 208 1257 oras
223 1193 346 1259 Titius
369 1191 650 1260 oonsuliiato:
674 1193 725 1258 uel
746 1193 778 1258 in
799 1193 873 1258 dote
887 1193 914 1258 si
936 1194 987 1258 uir
1000 1193 1124 1258 mulieri
1139 1192 1237 1258 dicat:

140 1312 323 1394 »spondeo
353 1331 435 1378 eum
461 1312 640 1378 morieris
661 1311 733 1376 tibi
756 1311 887 1378 dotem
917 1312 1008 1378 dare
1037 1312 1069 1378 si
1090 1312 1240 1394 absque

137 1431 265 1498 liberis
294 1432 503 1498 decedas«.
549 1432 635 1497 datio
657 1431 739 1497 enim
761 1431 801 1496 ad
827 1431 913 1496 uitae
941 1437 1065 1513 tempus
1093 1429 1237 1510 refertur,

136 1551 313 1617 condicionis
336 1556 610 1628 enumeremus,
638 1553 668 1616 h.
693 1571 719 1617 e.
751 1551 869 1616 orbitas
892 1552 952 1632 (ait
973 1551 1069 1616 enim:
1097 1551 1129 1616 si
1155 1550 1239 1616 sine

134 1671 263 1739 liberis
285 1671 488 1755 morieris)
512 1671 552 1736 ad
574 1675 698 1754 tempus
720 1675 947 1754 postmortem
968 1674 1098 1753 spectat.
1121 1669 1240 1751 placuit
1257 1673 1290 1728 10

97 1847 99 1854 .
135 1790 222 1872 igitur
239 1812 302 1858 non
324 1793 426 1858 solum
447 1792 480 1856 in
503 1789 585 1871 dote,
609 1795 658 1856 set
679 1789 774 1856 etiam
792 1791 824 1855 in
840 1791 901 1855 alia
922 1807 1119 1872 quarumque
1141 1789 1240 1872 stipu-

134 1911 241 1978 latione
254 1917 479 1996 praeposterae
500 1911 689 1978 oondioionis
709 1909 841 1976 adiectio
856 1910 1089 1994 stipulationem
1110 1928 1171 1974 non
1194 1909 1240 1974 in·

96 2028 257 2097 refirmare.
295 2035 343 2097 15.
370 2051 480 2098 »oum
496 2031 706 2098 morietur«
729 2031 898 2113 stipulator
911 2030 1131 2114 promissorue‚
1154 2029 1240 2094 ualet

131 2150 297 2232 stipulatio:
321 2152 500 2234 coneipitur·
517 2151 599 2216 enim
614 2151 669 2228 ita,
692 2155 730 2214 ut
744 2149 845 2216 Titius
860 2150 904 2216 sie
918 2150 1095 2234 promittat:
1122 2149 1239 2215 »dabo

131 2269 194 2333 tibi
223 2289 309 2336 oum
336 2271 529 2337 moriere:
557 2271 617 2336 hoe
644 2271 726 2335 enim
753 2270 915 2353 stipulatio
942 2272 974 2334 et
995 2269 1079 2352 apud
1101 2275 1238 2348 ueteres3
1259 2273 1290 2324 15

93 2396 122 2446 lo.
130 2387 208 2453 utilis
241 2393 312 2454 erat
347 2395 380 2454 et
407 2409 490 2455 nune
522 2389 617 2455 ualet.
665 2389 712 2452 16.
747 2389 790 2453 Et
828 2394 901 2470 post
939 2393 1071 2454 mortem
1108 2389 1238 2455 alterius

129 2513 275 2590 concepta
307 2511 469 2592 stipulatio
503 2510 631 2576 ualebat
667 2511 762 2576 etiam
795 2513 872 2591 aput
904 2513 1043 2588 ueteres3
1080 2511 1179 2576 uoluti
1212 2511 1238 2576 si

128 2628 192 2707 quis
215 2629 347 2694 dixerit:
383 2630 577 2714 »spondeo
606 2629 702 2695 dare
731 2629 804 2696 tibi
832 2629 960 2695 decem
987 2647 1121 2694 aureos
1147 2636 1239 2712 post

127 2752 290 2814 mortem
322 2749 457 2828 Titii‹;
491 2769 561 2814 eum
594 2748 734 2828 assidere
766 2753 888 2832 posset,
922 2749 1004 2813 uims
1033 2748 1136 2814 adhue
1168 2767 1239 2816 oon-

87 2865 331 2947 retrahentibus,
355 2868 471 2933 Titium
492 2867 581 2932 mori.
617 2871 664 2932 17.
689 2867 723 2933 Si
744 2869 776 2932 in
798 2868 1008 2950 stipulationis
1030 2869 1238 2934 instmmento
1255 2869 1289 2920 20

125 2984 277 3067 seriptum
291 2987 334 3052 sit
347 2988 463 3054 Titium
478 2987 682 3072 spopondisse
702 2989 845 3072 [perinde
863 2989 1077 3073 intellegitur]‚
1101 3007 1137 3055 ae
1151 2990 1178 3055 si
1192 2989 1238 3054 in-

125 3105 336 3186 terrogatione
371 3109 578 3190 praecedente
614 3107 824 3191 responderit;
866 3109 1119 3192 praesumptione
1155 3110 1237 3175 enim

123 3242 309 3308 responsum
338 3227 369 3293 in
390 3228 599 3296 instrumento
627 3229 766 3312 positum
795 3229 998 3295 antecessisse
1019 3229 1237 3312 interrogatio
1305 3273 1307 3276 -

84 3360 191 3412 ranem
213 3345 379 3428 signifieat.
416 3350 464 3414 18.
489 3347 639 3426 Quotiens
654 3349 761 3432 plures
783 3368 833 3416 res
855 3368 919 3414 una
933 3349 1134 3431 stipulatione
1155 3368 1237 3416 eom-
