3370 5350
637 393 870 460 ..pep-

312 715 360 782 Dc
382 714 522 798 legitima
545 715 752 797 adgnatorum
775 717 979 780 successione.
1024 713 1146 780 Titulus
1169 715 1198 778 2.

279 900 365 968 Haeo
388 908 480 966 antea
503 907 669 982 perspecta
693 899 819 966 habeas.
874 901 1021 976 cognatio
1047 917 1161 965 nomen
1188 909 1236 965 est
1265 921 1317 984 ge·

197 1023 314 1102 uenale,
347 1023 377 1086 in
412 1027 477 1087 tres
507 1027 611 1086 autem
642 1021 767 1086 ordines
798 1019 978 1086 deducitur:
1012 1027 1158 1100 parentes
1190 1019 1315 1097 liberos,
1346 1045 1348 1052 >

198 1162 233 1209 ex
269 1143 379 1210 latere.
435 1149 581 1223 parentes
618 1147 692 1206 sunt
729 1140 784 1223 qui
817 1157 873 1206 nos
903 1107 1059 1223 genuere,
1094 1141 1190 1206 ueluti
1227 1147 1317 1220 pater

197 1265 295 1328 mater
327 1279 406 1328 auus
439 1261 512 1326 auin
545 1265 638 1342 atque
671 1259 719 1324 his
753 1261 846 1326 etiam
883 1259 1077 1340 superiores:
1115 1259 1205 1324 liberi
1241 1277 1317 1324 uero

198 1381 249 1462 qui
277 1401 315 1450 ex
345 1382 433 1446 nobis
459 1380 525 1446 nati
552 1386 640 1460 sunt,
669 1380 766 1446 uoluti
793 1378 877 1453 filius
900 1378 964 1444 filia
993 1397 1089 1460 nepos
1118 1377 1220 1460 neptis
1249 1397 1318 1458 pro·
1352 1365 1368 1417 ⁵

198 1520 291 1583 nepos
324 1499 486 1582 proneptis
513 1506 608 1582 atque
640 1498 691 1567 his
711 1497 898 1564 interiores:
936 1517 972 1564 ex
1005 1497 1130 1562 latere
1158 1515 1236 1562 uero
1263 1497 1317 1579 qui

198 1639 295 1702 neque
336 1639 394 1685 nos
437 1626 615 1700 genuerunt
656 1635 758 1698 neque
802 1637 821 1682 a
864 1617 953 1682 nobis
995 1617 1093 1700 geniti
1130 1623 1223 1693 sunt,
1265 1616 1318 1696 qni

198 1747 297 1805 tamen
332 1740 462 1805 eandem
497 1738 649 1820 originem
682 1756 718 1803 ac
755 1739 890 1803 radicem
928 1739 1086 1802 nobiscum
1124 1753 1318 1801 communem

198 1858 320 1938 habent,
344 1855 444 1923 ueluti
466 1855 564 1922 frater
586 1874 675 1922 soror
698 1865 829 1938 patruus
852 1863 1020 1922 matertera
1035 1854 1208 1920 auunculus
1224 1855 1319 1920 amita

199 1979 400 2064 consobrinus
441 1977 626 2042 consobrina
663 1977 778 2058 quique
815 1977 887 2040 inde
922 1975 1124 2052 descendunt.
1181 1973 1371 2039 lateralis10

199 2117 271 2164 uero
301 2097 505 2180 coguatioxin
535 2097 597 2161 duo
631 2115 747 2178 genera
780 2095 947 2163 diuiditur:
974 2097 1180 2176 adgnatorum
1210 2112 1319 2176 nempe

199 2221 229 2282 et
247 2224 465 2299 cognatorum.
499 2218 627 2298 adgnati
650 2217 934 2298 comperuimus,
958 2215 1082 2300 cognati
1104 2235 1159 2298 per
1181 2215 1319 2282 feminini

200 2355 289 2402 sexus
312 2355 464 2419 personas
491 2339 674 2418 cognatione
704 2339 869 2402 coniuncti.
918 2344 1049 2418 uterque
1078 2342 1182 2402 autem
1210 2353 1320 2415 cogna-

198 2443 288 2522 tionis
326 2457 403 2524 ordo
444 2457 548 2522 uarios
588 2455 683 2521 habet
723 2457 927 2536 diuersasque
965 2456 1090 2536 gradus.
1150 2461 1198 2520 set
1236 2455 1320 2536 quod

199 2567 237 2640 ad
270 2583 417 2658 parentes
451 2566 628 2656 liberosque
669 2573 840 2656 simplicior
880 2575 1107 2657 quodammodo
1150 2579 1181 2638 et
1221 2557 1320 2638 ¹facilis
1341 2578 1372 2630 15

200 2696 353 2777 graduum
393 2701 442 2760 est
482 2696 671 2777 perspectio:
717 2713 859 2778 quaeque
897 2693 978 2760 enirn
1020 2695 1128 2760 harum
1176 2711 1320 2775 persona·

199 2834 265 2880 rum
299 2813 433 2896 gradum
467 2813 562 2892 facit,
603 2833 639 2880 ao
676 2813 857 2897 simpliciter
896 2821 973 2896 quot
1012 2813 1227 2896 generationes
1274 2817 1322 2876 tot

200 2934 323 3015 gradus
384 2933 538 2999 difficilior
574 2940 680 3002 autem
719 2952 775 3000 uae
816 2934 976 2998 intellectu
1015 2932 1112 3000 facilis
1151 2951 1188 2996 ex
1221 2937 1321 2996 mous

200 3072 292 3118 uerso
317 3053 472 3136 graduum
505 3054 661 3119 inuentus.
715 3059 839 3136 oportet
871 3055 951 3118 enirn
984 3070 1041 3118 nos
1074 3070 1134 3117 non
1168 3049 1251 3116 iiiico
1282 3051 1323 3116 ad

200 3185 363 3252 personam
401 3193 438 3238 ex
474 3180 655 3240 transuerso
687 3175 780 3238 'nobis
817 3174 955 3238 iunctam
992 3173 1139 3251 tendere,
1177 3179 1225 3236 aet
1261 3167 1323 3250 pri·
1340 3181 1374 3232 ao

201 3311 282 3356 mum
311 3281 526 3374 adparentes
554 3294 636 3358 unde
666 3311 703 3358 ea
725 3293 869 3372 cognatio
892 3299 962 3358 orta
985 3299 1040 3370 est,
1064 3310 1162 3372 eaque
1185 3289 1321 3366 inuenta,

202 3412 240 3476 ad
276 3411 365 3476 illurn
403 3411 526 3493 regredi
567 3429 603 3476 eo
644 3429 743 3492 usque
783 3413 881 3478 donec
917 3429 1081 3493 personam
1118 3410 1323 3487 inueniamus,

201 3549 237 3596 ex
259 3537 443 3596 transuerso
465 3505 629 3614 personam
653 3532 836 3609 decurrere,
859 3515 958 3613 'atque
988 3531 1033 3596 sic
1062 3547 1168 3595 omnes
1197 3547 1324 3611 genera·

202 3649 300 3716 tiones
323 3669 488 3716 numerare
511 3656 575 3716 tam
597 3651 628 3716 in
651 3651 804 3718 adscensu
827 3670 920 3733 quam
943 3652 974 3714 in
997 3651 1157 3716 descensu.
1201 3666 1325 3714 omnem
