<?xml version="1.0" encoding="UTF-8"?>
<!DOCTYPE html PUBLIC "-//W3C//DTD XHTML 1.0 Transitional//EN"
    "http://www.w3.org/TR/xhtml1/DTD/xhtml1-transitional.dtd">
<html xmlns="http://www.w3.org/1999/xhtml" xml:lang="en" lang="en">
 <head>
  <title>
</title>
<meta http-equiv="Content-Type" content="text/html;charset=utf-8" />
  <meta name='ocr-system' content='tesseract 3.04.00' />
  <meta name='ocr-capabilities' content='ocr_page ocr_carea ocr_par ocr_line ocrx_word'/>
</head>
<body>
  <div class='ocr_page' id='page_1' title='image "./institutionumgr01linggoog_0229.png"; bbox 0 0 3164 5338; ppageno 0'>
   <div class='ocr_carea' id='block_1_1' title="bbox 517 432 759 495">
    <p class='ocr_par' dir='ltr' id='par_1_1' title="bbox 517 432 759 495">
     <span class='ocr_line' id='line_1_1' title="bbox 517 432 759 495; baseline 0.004 -1"><span class='ocrx_word' id='word_1_1' title='bbox 517 432 759 495; x_wconf 85' lang='lat'>—360-</span> 
     </span>
    </p>
   </div>
   <div class='ocr_carea' id='block_1_2' title="bbox 64 605 1249 1184">
    <p class='ocr_par' dir='ltr' id='par_1_2' title="bbox 64 605 1249 1184">
     <span class='ocr_line' id='line_1_2' title="bbox 94 605 1196 690; baseline -0.002 -20"><span class='ocrx_word' id='word_1_2' title='bbox 94 609 163 670; x_wconf 89' lang='lat' dir='ltr'>lcrte</span> <span class='ocrx_word' id='word_1_3' title='bbox 182 625 233 670; x_wconf 90' lang='lat' dir='ltr'>res</span> <span class='ocrx_word' id='word_1_4' title='bbox 257 605 290 669; x_wconf 92' lang='lat' dir='ltr'>in</span> <span class='ocrx_word' id='word_1_5' title='bbox 312 625 402 670; x_wconf 86' lang='lat' dir='ltr'>usum</span> <span class='ocrx_word' id='word_1_6' title='bbox 431 611 582 690; x_wconf 75' lang='lat' dir='ltr'>acceptae</span> <span class='ocrx_word' id='word_1_7' title='bbox 610 606 775 689; x_wconf 89' lang='lat' dir='ltr'>perierint,</span> <span class='ocrx_word' id='word_1_8' title='bbox 806 606 844 670; x_wconf 88' lang='lat' dir='ltr'>de</span> <span class='ocrx_word' id='word_1_9' title='bbox 872 607 967 670; x_wconf 88' lang='lat' dir='ltr'>rebus</span> <span class='ocrx_word' id='word_1_10' title='bbox 995 605 1196 670; x_wconf 81' lang='lat' dir='ltr'><strong>restituendis</strong></span> 
     </span>
     <span class='ocr_line' id='line_1_3' title="bbox 64 731 1196 814; baseline 0.002 -22"><span class='ocrx_word' id='word_1_11' title='bbox 64 741 146 795; x_wconf 79' lang='lat' dir='ltr'>tncn</span> <span class='ocrx_word' id='word_1_12' title='bbox 166 731 329 796; x_wconf 80' lang='lat' dir='ltr'>tenebitur.</span> <span class='ocrx_word' id='word_1_13' title='bbox 377 735 405 797; x_wconf 89' lang='grc'>6.</span> <span class='ocrx_word' id='word_1_14' title='bbox 431 731 466 794; x_wconf 85' lang='lat' dir='ltr'>Si</span> <span class='ocrx_word' id='word_1_15' title='bbox 488 731 530 795; x_wconf 92' lang='lat' dir='ltr'>ad</span> <span class='ocrx_word' id='word_1_16' title='bbox 556 732 800 814; x_wconf 88' lang='lat' dir='ltr'>quinquennium</span> <span class='ocrx_word' id='word_1_17' title='bbox 824 731 919 795; x_wconf 91' lang='lat' dir='ltr'>alicui</span> <span class='ocrx_word' id='word_1_18' title='bbox 941 731 1069 796; x_wconf 87' lang='lat' dir='ltr'>fundum</span> <span class='ocrx_word' id='word_1_19' title='bbox 1093 750 1196 795; x_wconf 90' lang='lat' dir='ltr'>meum</span> 
     </span>
     <span class='ocr_line' id='line_1_4' title="bbox 92 856 1195 938; baseline -0.001 -18"><span class='ocrx_word' id='word_1_20' title='bbox 92 856 258 938; x_wconf 81' lang='lat' dir='ltr'>locauerim</span> <span class='ocrx_word' id='word_1_21' title='bbox 282 864 313 920; x_wconf 89' lang='lat' dir='ltr'>et</span> <span class='ocrx_word' id='word_1_22' title='bbox 336 857 474 921; x_wconf 88' lang='lat' dir='ltr'>secundo</span> <span class='ocrx_word' id='word_1_23' title='bbox 490 857 571 921; x_wconf 84' lang='lat' dir='ltr'>terte</span> <span class='ocrx_word' id='word_1_24' title='bbox 588 858 721 922; x_wconf 88' lang='lat' dir='ltr'>tertioue</span> <span class='ocrx_word' id='word_1_25' title='bbox 745 877 828 922; x_wconf 89' lang='lat' dir='ltr'>anno</span> <span class='ocrx_word' id='word_1_26' title='bbox 845 857 1016 921; x_wconf 87' lang='lat' dir='ltr'>conductor</span> <span class='ocrx_word' id='word_1_27' title='bbox 1034 856 1195 937; x_wconf 88' lang='lat' dir='ltr'>meriatur,</span> 
     </span>
     <span class='ocr_line' id='line_1_5' title="bbox 90 981 1196 1063; baseline 0.002 -20"><span class='ocrx_word' id='word_1_28' title='bbox 90 981 149 1044; x_wconf 93' lang='lat' dir='ltr'>eins</span> <span class='ocrx_word' id='word_1_29' title='bbox 169 981 260 1044; x_wconf 90' lang='lat' dir='ltr'>heres</span> <span class='ocrx_word' id='word_1_30' title='bbox 283 981 317 1044; x_wconf 95' lang='lat' dir='ltr'>in</span> <span class='ocrx_word' id='word_1_31' title='bbox 344 981 583 1046; x_wconf 86' lang='lat' dir='ltr'>conductionem</span> <span class='ocrx_word' id='word_1_32' title='bbox 611 982 759 1046; x_wconf 84' lang='lat' dir='ltr'>succedet</span> <span class='ocrx_word' id='word_1_33' title='bbox 785 1001 885 1063; x_wconf 89' lang='lat' dir='ltr'>nsque</span> <span class='ocrx_word' id='word_1_34' title='bbox 916 981 958 1046; x_wconf 88' lang='lat' dir='ltr'>ad</span> <span class='ocrx_word' id='word_1_35' title='bbox 986 981 1080 1046; x_wconf 89' lang='lat' dir='ltr'>finem</span> <span class='ocrx_word' id='word_1_36' title='bbox 1109 981 1196 1062; x_wconf 90' lang='lat' dir='ltr'>quin-</span> 
     </span>
     <span class='ocr_line' id='line_1_6' title="bbox 88 1105 1249 1184; baseline -0.003 -16"><span class='ocrx_word' id='word_1_37' title='bbox 88 1105 213 1184; x_wconf 86' lang='lat' dir='ltr'>quennii.</span> <span class='ocrx_word' id='word_1_38' title='bbox 1130 1179 1133 1182; x_wconf 21' lang='grc' dir='ltr'>Ι</span> <span class='ocrx_word' id='word_1_39' title='bbox 1233 1114 1249 1164; x_wconf 80' lang='lat'><strong>5</strong></span> 
     </span>
    </p>
   </div>
   <div class='ocr_carea' id='block_1_3' title="bbox 395 1621 874 1688">
    <p class='ocr_par' dir='ltr' id='par_1_3' title="bbox 395 1621 874 1688">
     <span class='ocr_line' id='line_1_7' title="bbox 395 1621 874 1688; baseline 0 -4"><span class='ocrx_word' id='word_1_40' title='bbox 395 1621 444 1685; x_wconf 91' lang='lat' dir='ltr'>De</span> <span class='ocrx_word' id='word_1_41' title='bbox 469 1621 629 1686; x_wconf 87' lang='lat' dir='ltr'>societate.</span> <span class='ocrx_word' id='word_1_42' title='bbox 676 1622 798 1686; x_wconf 81' lang='lat' dir='ltr'>Titulus</span> <span class='ocrx_word' id='word_1_43' title='bbox 823 1624 874 1688; x_wconf 81' lang='lat'>25.</span> 
     </span>
    </p>
   </div>
   <div class='ocr_carea' id='block_1_4' title="bbox 162 1749 1194 1864">
    <p class='ocr_par' dir='ltr' id='par_1_4' title="bbox 162 1749 1194 1864">
     <span class='ocr_line' id='line_1_8' title="bbox 162 1749 1194 1864; baseline 0.003 -22"><span class='ocrx_word' id='word_1_44' title='bbox 162 1780 239 1844; x_wconf 90' lang='lat' dir='ltr'>Post</span> <span class='ocrx_word' id='word_1_45' title='bbox 263 1780 476 1844; x_wconf 90' lang='lat' dir='ltr'>uenditionem</span> <span class='ocrx_word' id='word_1_46' title='bbox 501 1788 532 1846; x_wconf 93' lang='lat' dir='ltr'>et</span> <span class='ocrx_word' id='word_1_47' title='bbox 547 1782 736 1846; x_wconf 88' lang='lat' dir='ltr'>locationem</span> <span class='ocrx_word' id='word_1_48' title='bbox 754 1787 877 1864; x_wconf 86' lang='lat' dir='ltr'>opertet</span> <span class='ocrx_word' id='word_1_49' title='bbox 894 1749 933 1844; x_wconf 74' lang='lat' dir='ltr'>ce</span> <span class='ocrx_word' id='word_1_50' title='bbox 950 1781 1102 1845; x_wconf 86' lang='lat' dir='ltr'>societate</span> <span class='ocrx_word' id='word_1_51' title='bbox 1119 1801 1194 1862; x_wconf 91' lang='lat' dir='ltr'>quo·</span> 
     </span>
    </p>
   </div>
   <div class='ocr_carea' id='block_1_5' title="bbox 41 1905 1247 3848">
    <p class='ocr_par' dir='ltr' id='par_1_5' title="bbox 41 1905 1247 3848">
     <span class='ocr_line' id='line_1_9' title="bbox 82 1905 1195 1988; baseline 0.003 -21"><span class='ocrx_word' id='word_1_52' title='bbox 82 1924 135 1986; x_wconf 89' lang='lat' dir='ltr'>que</span> <span class='ocrx_word' id='word_1_53' title='bbox 168 1910 316 1969; x_wconf 90' lang='lat' dir='ltr'>tractare.</span> <span class='ocrx_word' id='word_1_54' title='bbox 362 1905 441 1969; x_wconf 91' lang='lat' dir='ltr'>haec</span> <span class='ocrx_word' id='word_1_55' title='bbox 477 1912 582 1970; x_wconf 89' lang='lat' dir='ltr'>autem</span> <span class='ocrx_word' id='word_1_56' title='bbox 614 1907 694 1970; x_wconf 89' lang='lat' dir='ltr'>inter</span> <span class='ocrx_word' id='word_1_57' title='bbox 728 1906 880 1988; x_wconf 90' lang='lat' dir='ltr'>quosdam</span> <span class='ocrx_word' id='word_1_58' title='bbox 913 1906 1106 1969; x_wconf 83' lang='lat' dir='ltr'>contrahitur</span> <span class='ocrx_word' id='word_1_59' title='bbox 1140 1912 1195 1970; x_wconf 91' lang='lat' dir='ltr'>aut</span> 
     </span>
     <span class='ocr_line' id='line_1_10' title="bbox 81 2030 1195 2116; baseline 0.003 -25"><span class='ocrx_word' id='word_1_60' title='bbox 81 2035 209 2100; x_wconf 83' lang='lat' dir='ltr'>tutorum</span> <span class='ocrx_word' id='word_1_61' title='bbox 249 2031 415 2111; x_wconf 80' lang='lat' dir='ltr'>bonerum,</span> <span class='ocrx_word' id='word_1_62' title='bbox 454 2051 548 2112; x_wconf 87' lang='lat' dir='ltr'>quam</span> <span class='ocrx_word' id='word_1_63' title='bbox 584 2030 700 2094; x_wconf 79' lang='lat' dir='ltr'>Graeci</span> <span class='ocrx_word' id='word_1_64' title='bbox 739 2031 920 2114; x_wconf 83' lang='lat' dir='ltr'>specialiter</span> <span class='ocrx_word' id='word_1_65' title='bbox 958 2031 1195 2116; x_wconf 79' lang='grc' dir='ltr'><strong><em>κοινοπραξίαν</em></strong></span> 
     </span>
     <span class='ocr_line' id='line_1_11' title="bbox 81 2155 1193 2237; baseline 0.002 -21"><span class='ocrx_word' id='word_1_66' title='bbox 81 2155 251 2236; x_wconf 85' lang='lat' dir='ltr'>appellant,</span> <span class='ocrx_word' id='word_1_67' title='bbox 287 2161 341 2218; x_wconf 93' lang='lat' dir='ltr'>aut</span> <span class='ocrx_word' id='word_1_68' title='bbox 375 2155 466 2218; x_wconf 89' lang='lat' dir='ltr'>unius</span> <span class='ocrx_word' id='word_1_69' title='bbox 501 2155 669 2219; x_wconf 90' lang='lat' dir='ltr'>cuiuslibet</span> <span class='ocrx_word' id='word_1_70' title='bbox 703 2155 939 2237; x_wconf 83' lang='lat' dir='ltr'>negotiationis,</span> <span class='ocrx_word' id='word_1_71' title='bbox 976 2155 1074 2219; x_wconf 89' lang='lat' dir='ltr'>ueluti</span> <span class='ocrx_word' id='word_1_72' title='bbox 1107 2175 1193 2218; x_wconf 91' lang='lat' dir='ltr'>man-</span> 
     </span>
     <span class='ocr_line' id='line_1_12' title="bbox 79 2277 1247 2362; baseline 0.003 -21"><span class='ocrx_word' id='word_1_73' title='bbox 79 2277 226 2360; x_wconf 89' lang='lat' dir='ltr'>cipiorum</span> <span class='ocrx_word' id='word_1_74' title='bbox 251 2277 453 2343; x_wconf 86' lang='lat' dir='ltr'>emendorum</span> <span class='ocrx_word' id='word_1_75' title='bbox 477 2285 508 2343; x_wconf 93' lang='lat' dir='ltr'>et</span> <span class='ocrx_word' id='word_1_76' title='bbox 531 2279 780 2362; x_wconf 81' lang='lat' dir='ltr'>uendendcrum‚</span> <span class='ocrx_word' id='word_1_77' title='bbox 809 2286 862 2343; x_wconf 90' lang='lat' dir='ltr'>ant</span> <span class='ocrx_word' id='word_1_78' title='bbox 887 2280 950 2343; x_wconf 91' lang='lat' dir='ltr'>clei</span> <span class='ocrx_word' id='word_1_79' title='bbox 974 2286 1028 2342; x_wconf 90' lang='lat' dir='ltr'>aut</span> <span class='ocrx_word' id='word_1_80' title='bbox 1050 2279 1116 2343; x_wconf 90' lang='lat' dir='ltr'>nini</span> <span class='ocrx_word' id='word_1_81' title='bbox 1139 2284 1194 2343; x_wconf 90' lang='lat' dir='ltr'>aut</span> <span class='ocrx_word' id='word_1_82' title='bbox 1213 2295 1247 2346; x_wconf 90' lang='lat'>10</span> 
     </span>
     <span class='ocr_line' id='line_1_13' title="bbox 51 2402 1192 2490; baseline 0.002 -24"><span class='ocrx_word' id='word_1_83' title='bbox 51 2403 219 2467; x_wconf 84' lang='lat' dir='ltr'>l-irumenti</span> <span class='ocrx_word' id='word_1_84' title='bbox 247 2402 384 2490; x_wconf 86' lang='lat' dir='ltr'>[emendi</span> <span class='ocrx_word' id='word_1_85' title='bbox 410 2403 652 2489; x_wconf 68' lang='lat' dir='ltr'>uendendiquel.</span> <span class='ocrx_word' id='word_1_86' title='bbox 713 2408 739 2470; x_wconf 92' lang='lat'>1.</span> <span class='ocrx_word' id='word_1_87' title='bbox 769 2405 810 2469; x_wconf 82' lang='lat' dir='ltr'>Et</span> <span class='ocrx_word' id='word_1_88' title='bbox 838 2405 964 2484; x_wconf 89' lang='lat' dir='ltr'>quidem</span> <span class='ocrx_word' id='word_1_89' title='bbox 992 2404 1020 2468; x_wconf 92' lang='lat' dir='ltr'>si</span> <span class='ocrx_word' id='word_1_90' title='bbox 1046 2404 1125 2467; x_wconf 92' lang='lat' dir='ltr'>nihil</span> <span class='ocrx_word' id='word_1_91' title='bbox 1153 2402 1192 2468; x_wconf 85' lang='lat' dir='ltr'>de</span> 
     </span>
     <span class='ocr_line' id='line_1_14' title="bbox 78 2527 1192 2611; baseline 0 -21"><span class='ocrx_word' id='word_1_92' title='bbox 78 2535 167 2606; x_wconf 87' lang='lat' dir='ltr'>quota</span> <span class='ocrx_word' id='word_1_93' title='bbox 190 2533 284 2611; x_wconf 88' lang='lat' dir='ltr'>parte</span> <span class='ocrx_word' id='word_1_94' title='bbox 309 2529 501 2610; x_wconf 79' lang='lat' dir='ltr'>conuenerit,</span> <span class='ocrx_word' id='word_1_95' title='bbox 527 2549 566 2592; x_wconf 86' lang='lat' dir='ltr'>ex</span> <span class='ocrx_word' id='word_1_96' title='bbox 591 2549 653 2608; x_wconf 90' lang='lat' dir='ltr'>qua</span> <span class='ocrx_word' id='word_1_97' title='bbox 677 2528 808 2610; x_wconf 92' lang='lat' dir='ltr'>quisque</span> <span class='ocrx_word' id='word_1_98' title='bbox 833 2528 936 2592; x_wconf 89' lang='lat' dir='ltr'>socius</span> <span class='ocrx_word' id='word_1_99' title='bbox 963 2528 1083 2592; x_wconf 89' lang='lat' dir='ltr'>lucrum</span> <span class='ocrx_word' id='word_1_100' title='bbox 1107 2527 1192 2590; x_wconf 90' lang='lat' dir='ltr'>dam-</span> 
     </span>
     <span class='ocr_line' id='line_1_15' title="bbox 75 2652 1194 2736; baseline 0.002 -22"><span class='ocrx_word' id='word_1_101' title='bbox 75 2672 183 2717; x_wconf 88' lang='lat' dir='ltr'>numue</span> <span class='ocrx_word' id='word_1_102' title='bbox 209 2653 328 2717; x_wconf 91' lang='lat' dir='ltr'>sentire</span> <span class='ocrx_word' id='word_1_103' title='bbox 353 2652 482 2735; x_wconf 87' lang='lat' dir='ltr'>debeat,</span> <span class='ocrx_word' id='word_1_104' title='bbox 512 2673 551 2717; x_wconf 86' lang='lat' dir='ltr'>ex</span> <span class='ocrx_word' id='word_1_105' title='bbox 579 2653 689 2733; x_wconf 83' lang='lat' dir='ltr'>aequis</span> <span class='ocrx_word' id='word_1_106' title='bbox 712 2653 855 2736; x_wconf 86' lang='lat' dir='ltr'>partibus</span> <span class='ocrx_word' id='word_1_107' title='bbox 882 2653 971 2717; x_wconf 88' lang='lat' dir='ltr'>lucra</span> <span class='ocrx_word' id='word_1_108' title='bbox 999 2652 1135 2717; x_wconf 91' lang='lat' dir='ltr'>sentient</span> <span class='ocrx_word' id='word_1_109' title='bbox 1162 2658 1194 2716; x_wconf 91' lang='lat' dir='ltr'>et</span> 
     </span>
     <span class='ocr_line' id='line_1_16' title="bbox 76 2775 1193 2862; baseline 0.003 -25"><span class='ocrx_word' id='word_1_110' title='bbox 76 2775 195 2842; x_wconf 86' lang='lat' dir='ltr'>damna.</span> <span class='ocrx_word' id='word_1_111' title='bbox 240 2777 325 2858; x_wconf 84' lang='lat' dir='ltr'>qued</span> <span class='ocrx_word' id='word_1_112' title='bbox 353 2778 380 2841; x_wconf 92' lang='lat' dir='ltr'>si</span> <span class='ocrx_word' id='word_1_113' title='bbox 407 2797 579 2861; x_wconf 84' lang='lat' dir='ltr'>expressae</span> <span class='ocrx_word' id='word_1_114' title='bbox 606 2778 722 2842; x_wconf 87' lang='lat' dir='ltr'>fuerint</span> <span class='ocrx_word' id='word_1_115' title='bbox 748 2784 869 2862; x_wconf 87' lang='lat' dir='ltr'>partes,</span> <span class='ocrx_word' id='word_1_116' title='bbox 899 2776 983 2859; x_wconf 90' lang='lat' dir='ltr'>quod</span> <span class='ocrx_word' id='word_1_117' title='bbox 1009 2797 1193 2860; x_wconf 84' lang='lat' dir='ltr'>expressum</span> 
     </span>
     <span class='ocr_line' id='line_1_17' title="bbox 73 2901 1245 2986; baseline 0.001 -23"><span class='ocrx_word' id='word_1_118' title='bbox 73 2907 117 2964; x_wconf 90' lang='lat' dir='ltr'>est</span> <span class='ocrx_word' id='word_1_119' title='bbox 139 2903 267 2966; x_wconf 90' lang='lat' dir='ltr'>seruari</span> <span class='ocrx_word' id='word_1_120' title='bbox 291 2908 430 2986; x_wconf 86' lang='lat' dir='ltr'>eportet:</span> <span class='ocrx_word' id='word_1_121' title='bbox 458 2923 521 2967; x_wconf 91' lang='lat' dir='ltr'>ncn</span> <span class='ocrx_word' id='word_1_122' title='bbox 544 2903 627 2967; x_wconf 90' lang='lat' dir='ltr'>enim</span> <span class='ocrx_word' id='word_1_123' title='bbox 651 2902 780 2966; x_wconf 91' lang='lat' dir='ltr'>dubium</span> <span class='ocrx_word' id='word_1_124' title='bbox 803 2909 864 2983; x_wconf 86' lang='lat' dir='ltr'>est,</span> <span class='ocrx_word' id='word_1_125' title='bbox 890 2902 965 2983; x_wconf 91' lang='lat' dir='ltr'>quin</span> <span class='ocrx_word' id='word_1_126' title='bbox 987 2901 1095 2966; x_wconf 89' lang='lat' dir='ltr'>ualeat</span> <span class='ocrx_word' id='word_1_127' title='bbox 1118 2913 1245 2965; x_wconf 83' lang='lat' dir='ltr'>con-15</span> 
     </span>
     <span class='ocr_line' id='line_1_18' title="bbox 71 3025 1192 3110; baseline 0 -21"><span class='ocrx_word' id='word_1_128' title='bbox 71 3027 183 3109; x_wconf 86' lang='lat' dir='ltr'>uentio,</span> <span class='ocrx_word' id='word_1_129' title='bbox 209 3027 238 3091; x_wconf 89' lang='lat' dir='ltr'>si</span> <span class='ocrx_word' id='word_1_130' title='bbox 263 3026 323 3091; x_wconf 89' lang='lat' dir='ltr'>duc</span> <span class='ocrx_word' id='word_1_131' title='bbox 347 3027 429 3090; x_wconf 89' lang='lat' dir='ltr'>inter</span> <span class='ocrx_word' id='word_1_132' title='bbox 452 3046 486 3092; x_wconf 90' lang='lat' dir='ltr'>se</span> <span class='ocrx_word' id='word_1_133' title='bbox 510 3027 596 3110; x_wconf 93' lang='lat' dir='ltr'>pacti</span> <span class='ocrx_word' id='word_1_134' title='bbox 609 3027 679 3108; x_wconf 88' lang='lat' dir='ltr'>sint,</span> <span class='ocrx_word' id='word_1_135' title='bbox 703 3033 738 3090; x_wconf 92' lang='lat' dir='ltr'>ut</span> <span class='ocrx_word' id='word_1_136' title='bbox 753 3047 832 3092; x_wconf 90' lang='lat' dir='ltr'>unus</span> <span class='ocrx_word' id='word_1_137' title='bbox 849 3025 974 3108; x_wconf 87' lang='lat' dir='ltr'>quidem</span> <span class='ocrx_word' id='word_1_138' title='bbox 991 3025 1069 3090; x_wconf 90' lang='lat' dir='ltr'>duas</span> <span class='ocrx_word' id='word_1_139' title='bbox 1085 3031 1192 3109; x_wconf 91' lang='lat' dir='ltr'>partes</span> 
     </span>
     <span class='ocr_line' id='line_1_19' title="bbox 41 3148 1193 3234; baseline 0.003 -23"><span class='ocrx_word' id='word_1_140' title='bbox 41 3155 62 3210; x_wconf 82' lang='lat'>2.</span> <span class='ocrx_word' id='word_1_141' title='bbox 71 3148 146 3214; x_wconf 90' lang='lat' dir='ltr'>lucri</span> <span class='ocrx_word' id='word_1_142' title='bbox 171 3151 344 3232; x_wconf 88' lang='lat' dir='ltr'>damnique</span> <span class='ocrx_word' id='word_1_143' title='bbox 368 3151 493 3232; x_wconf 89' lang='lat' dir='ltr'>sentiat,</span> <span class='ocrx_word' id='word_1_144' title='bbox 519 3153 600 3215; x_wconf 91' lang='lat' dir='ltr'>alter</span> <span class='ocrx_word' id='word_1_145' title='bbox 615 3171 690 3215; x_wconf 89' lang='lat' dir='ltr'>nero</span> <span class='ocrx_word' id='word_1_146' title='bbox 715 3151 840 3216; x_wconf 89' lang='lat' dir='ltr'>tertiam</span> <span class='ocrx_word' id='word_1_147' title='bbox 863 3157 994 3234; x_wconf 91' lang='lat' dir='ltr'>partem.</span> <span class='ocrx_word' id='word_1_148' title='bbox 1030 3153 1059 3216; x_wconf 82' lang='lat'>2.</span> <span class='ocrx_word' id='word_1_149' title='bbox 1071 3151 1120 3214; x_wconf 91' lang='lat' dir='ltr'>De</span> <span class='ocrx_word' id='word_1_150' title='bbox 1136 3150 1193 3214; x_wconf 95' lang='lat' dir='ltr'>illa</span> 
     </span>
     <span class='ocr_line' id='line_1_20' title="bbox 69 3275 1193 3357; baseline 0.003 -21"><span class='ocrx_word' id='word_1_151' title='bbox 69 3293 143 3339; x_wconf 86' lang='lat' dir='ltr'>sane</span> <span class='ocrx_word' id='word_1_152' title='bbox 169 3275 382 3340; x_wconf 88' lang='lat' dir='ltr'>conuentione</span> <span class='ocrx_word' id='word_1_153' title='bbox 406 3276 580 3356; x_wconf 89' lang='lat' dir='ltr'>quaeritur:</span> <span class='ocrx_word' id='word_1_154' title='bbox 607 3275 634 3340; x_wconf 95' lang='lat' dir='ltr'>si</span> <span class='ocrx_word' id='word_1_155' title='bbox 656 3276 758 3340; x_wconf 86' lang='lat' dir='ltr'>Titius</span> <span class='ocrx_word' id='word_1_156' title='bbox 783 3281 814 3340; x_wconf 91' lang='lat' dir='ltr'>et</span> <span class='ocrx_word' id='word_1_157' title='bbox 837 3275 928 3340; x_wconf 84' lang='lat' dir='ltr'>Seius</span> <span class='ocrx_word' id='word_1_158' title='bbox 952 3275 1034 3339; x_wconf 91' lang='lat' dir='ltr'>inter</span> <span class='ocrx_word' id='word_1_159' title='bbox 1057 3294 1090 3339; x_wconf 91' lang='lat' dir='ltr'>se</span> <span class='ocrx_word' id='word_1_160' title='bbox 1106 3275 1193 3357; x_wconf 92' lang='lat' dir='ltr'>pacti</span> 
     </span>
     <span class='ocr_line' id='line_1_21' title="bbox 67 3397 1193 3482; baseline 0.002 -22"><span class='ocrx_word' id='word_1_161' title='bbox 67 3397 141 3481; x_wconf 86' lang='lat' dir='ltr'>sint,</span> <span class='ocrx_word' id='word_1_162' title='bbox 173 3405 210 3464; x_wconf 92' lang='lat' dir='ltr'>nt</span> <span class='ocrx_word' id='word_1_163' title='bbox 234 3399 337 3464; x_wconf 84' lang='lat' dir='ltr'>Titius</span> <span class='ocrx_word' id='word_1_164' title='bbox 362 3399 440 3463; x_wconf 89' lang='lat' dir='ltr'>duas</span> <span class='ocrx_word' id='word_1_165' title='bbox 465 3399 590 3480; x_wconf 89' lang='lat' dir='ltr'>quidem</span> <span class='ocrx_word' id='word_1_166' title='bbox 613 3399 693 3464; x_wconf 90' lang='lat' dir='ltr'>lucri</span> <span class='ocrx_word' id='word_1_167' title='bbox 715 3406 823 3482; x_wconf 89' lang='lat' dir='ltr'>partes</span> <span class='ocrx_word' id='word_1_168' title='bbox 847 3399 909 3463; x_wconf 92' lang='lat' dir='ltr'>sibi</span> <span class='ocrx_word' id='word_1_169' title='bbox 931 3400 1057 3481; x_wconf 86' lang='lat' dir='ltr'>habeat,</span> <span class='ocrx_word' id='word_1_170' title='bbox 1086 3398 1193 3462; x_wconf 87' lang='lat' dir='ltr'>damni</span> 
     </span>
     <span class='ocr_line' id='line_1_22' title="bbox 67 3523 1246 3606; baseline 0.002 -22"><span class='ocrx_word' id='word_1_171' title='bbox 67 3541 140 3603; x_wconf 85' lang='lat' dir='ltr'>uero</span> <span class='ocrx_word' id='word_1_172' title='bbox 165 3524 297 3588; x_wconf 89' lang='lat' dir='ltr'>tertiam</span> <span class='ocrx_word' id='word_1_173' title='bbox 320 3530 441 3588; x_wconf 92' lang='lat' dir='ltr'>tantum</span> <span class='ocrx_word' id='word_1_174' title='bbox 463 3529 586 3606; x_wconf 88' lang='lat' dir='ltr'>partem</span> <span class='ocrx_word' id='word_1_175' title='bbox 614 3525 744 3605; x_wconf 88' lang='lat' dir='ltr'>sentiat,</span> <span class='ocrx_word' id='word_1_176' title='bbox 776 3525 817 3588; x_wconf 93' lang='lat' dir='ltr'>ad</span> <span class='ocrx_word' id='word_1_177' title='bbox 841 3523 948 3588; x_wconf 86' lang='lat' dir='ltr'>Seium</span> <span class='ocrx_word' id='word_1_178' title='bbox 976 3531 1081 3588; x_wconf 89' lang='lat' dir='ltr'>autem</span> <span class='ocrx_word' id='word_1_179' title='bbox 1109 3523 1191 3587; x_wconf 87' lang='lat' dir='ltr'>duae</span> <span class='ocrx_word' id='word_1_180' title='bbox 1211 3535 1246 3587; x_wconf 84' lang='lat'>20</span> 
     </span>
     <span class='ocr_line' id='line_1_23' title="bbox 65 3648 1192 3732; baseline 0.001 -21"><span class='ocrx_word' id='word_1_181' title='bbox 65 3654 173 3728; x_wconf 87' lang='lat' dir='ltr'>partes</span> <span class='ocrx_word' id='word_1_182' title='bbox 200 3648 311 3712; x_wconf 87' lang='lat' dir='ltr'>damni</span> <span class='ocrx_word' id='word_1_183' title='bbox 333 3649 521 3732; x_wconf 86' lang='lat' dir='ltr'>pertineant,</span> <span class='ocrx_word' id='word_1_184' title='bbox 546 3649 626 3712; x_wconf 89' lang='lat' dir='ltr'>lucri</span> <span class='ocrx_word' id='word_1_185' title='bbox 648 3669 724 3713; x_wconf 89' lang='lat' dir='ltr'>uere</span> <span class='ocrx_word' id='word_1_186' title='bbox 749 3649 856 3731; x_wconf 86' lang='lat' dir='ltr'>tertia,</span> <span class='ocrx_word' id='word_1_187' title='bbox 880 3669 921 3712; x_wconf 90' lang='lat' dir='ltr'>an</span> <span class='ocrx_word' id='word_1_188' title='bbox 943 3655 1014 3712; x_wconf 90' lang='lat' dir='ltr'>rata</span> <span class='ocrx_word' id='word_1_189' title='bbox 1037 3649 1192 3713; x_wconf 87' lang='lat' dir='ltr'>habeatnr</span> 
     </span>
     <span class='ocr_line' id='line_1_24' title="bbox 61 3747 1191 3848; baseline 0.003 -14"><span class='ocrx_word' id='word_1_190' title='bbox 61 3773 260 3838; x_wconf 73' lang='lat' dir='ltr'>consentio?</span> <span class='ocrx_word' id='word_1_191' title='bbox 283 3779 316 3838; x_wconf 92' lang='lat' dir='ltr'>et</span> <span class='ocrx_word' id='word_1_192' title='bbox 332 3771 465 3848; x_wconf 79' lang='lat' dir='ltr'>Quintus</span> <span class='ocrx_word' id='word_1_193' title='bbox 488 3774 609 3838; x_wconf 85' lang='lat' dir='ltr'>Mucius</span> <span class='ocrx_word' id='word_1_194' title='bbox 627 3780 736 3838; x_wconf 86' lang='lat' dir='ltr'>contra</span> <span class='ocrx_word' id='word_1_195' title='bbox 753 3747 914 3839; x_wconf 85' lang='lat' dir='ltr'>societatis</span> <span class='ocrx_word' id='word_1_196' title='bbox 929 3779 1073 3838; x_wconf 89' lang='lat' dir='ltr'>naturam</span> <span class='ocrx_word' id='word_1_197' title='bbox 1093 3773 1191 3838; x_wconf 86' lang='lat' dir='ltr'>talem</span> 
     </span>
    </p>
   </div>
   <div class='ocr_carea' id='block_1_6' title="bbox 0 0 1586 5338">
    <p class='ocr_par' dir='ltr' id='par_1_6' title="bbox 0 0 1586 5338">
     <span class='ocr_line' id='line_1_25' title="bbox 0 0 1586 5338; baseline 0 1"><span class='ocrx_word' id='word_1_198' title='bbox 0 0 1586 5338; x_wconf 95' lang='lat' dir='ltr'> </span> 
     </span>
    </p>
   </div>
  </div>
 </body>
</html>
