<?xml version="1.0" encoding="UTF-8"?>
<!DOCTYPE html PUBLIC "-//W3C//DTD XHTML 1.0 Transitional//EN"
    "http://www.w3.org/TR/xhtml1/DTD/xhtml1-transitional.dtd">
<html xmlns="http://www.w3.org/1999/xhtml" xml:lang="en" lang="en">
 <head>
  <title>
</title>
<meta http-equiv="Content-Type" content="text/html;charset=utf-8" />
  <meta name='ocr-system' content='tesseract 3.04.00' />
  <meta name='ocr-capabilities' content='ocr_page ocr_carea ocr_par ocr_line ocrx_word'/>
</head>
<body>
  <div class='ocr_page' id='page_1' title='image "./institutionumgr01linggoog_0099.png"; bbox 0 0 3154 5338; ppageno 0'>
   <div class='ocr_carea' id='block_1_1' title="bbox 588 381 818 446">
    <p class='ocr_par' dir='ltr' id='par_1_1' title="bbox 588 381 818 446">
     <span class='ocr_line' id='line_1_1' title="bbox 588 381 818 446; baseline 0 -16"><span class='ocrx_word' id='word_1_1' title='bbox 588 381 818 446; x_wconf 64' lang='lat'>„300-</span> 
     </span>
    </p>
   </div>
   <div class='ocr_carea' id='block_1_2' title="bbox 142 567 1264 1024">
    <p class='ocr_par' dir='ltr' id='par_1_2' title="bbox 142 567 1264 1024">
     <span class='ocr_line' id='line_1_2' title="bbox 145 567 1264 650; baseline 0.004 -19"><span class='ocrx_word' id='word_1_2' title='bbox 145 567 244 648; x_wconf 89' lang='lat' dir='ltr'>legem</span> <span class='ocrx_word' id='word_1_3' title='bbox 268 576 301 632; x_wconf 87' lang='lat' dir='ltr'>et</span> <span class='ocrx_word' id='word_1_4' title='bbox 323 568 511 650; x_wconf 88' lang='lat' dir='ltr'>Largiannm</span> <span class='ocrx_word' id='word_1_5' title='bbox 534 567 565 634; x_wconf 85' lang='lat' dir='ltr'>S.</span> <span class='ocrx_word' id='word_1_6' title='bbox 588 567 638 648; x_wconf 87' lang='lat' dir='ltr'>C.‚</span> <span class='ocrx_word' id='word_1_7' title='bbox 660 577 709 634; x_wconf 88' lang='lat' dir='ltr'>set</span> <span class='ocrx_word' id='word_1_8' title='bbox 738 571 831 635; x_wconf 85' lang='lat' dir='ltr'>stiam</span> <span class='ocrx_word' id='word_1_9' title='bbox 853 570 979 636; x_wconf 87' lang='lat' dir='ltr'>Traiani</span> <span class='ocrx_word' id='word_1_10' title='bbox 1007 571 1143 636; x_wconf 89' lang='lat' dir='ltr'>edictum</span> <span class='ocrx_word' id='word_1_11' title='bbox 1174 571 1264 637; x_wconf 92' lang='lat' dir='ltr'>abro-</span> 
     </span>
     <span class='ocr_line' id='line_1_3' title="bbox 142 687 1264 772; baseline 0.002 -20"><span class='ocrx_word' id='word_1_12' title='bbox 142 706 232 767; x_wconf 83' lang='lat' dir='ltr'><strong>gans,</strong></span> <span class='ocrx_word' id='word_1_13' title='bbox 256 694 292 751; x_wconf 94' lang='lat' dir='ltr'>ut</span> <span class='ocrx_word' id='word_1_14' title='bbox 314 706 419 753; x_wconf 86' lang='lat' dir='ltr'>omnes</span> <span class='ocrx_word' id='word_1_15' title='bbox 441 688 545 754; x_wconf 88' lang='lat' dir='ltr'>liberti</span> <span class='ocrx_word' id='word_1_16' title='bbox 567 688 687 754; x_wconf 89' lang='lat' dir='ltr'>romani</span> <span class='ocrx_word' id='word_1_17' title='bbox 710 687 796 755; x_wconf 86' lang='lat' dir='ltr'>ciues</span> <span class='ocrx_word' id='word_1_18' title='bbox 818 689 890 768; x_wconf 86' lang='lat' dir='ltr'>sint,</span> <span class='ocrx_word' id='word_1_19' title='bbox 913 697 945 755; x_wconf 89' lang='lat' dir='ltr'>et</span> <span class='ocrx_word' id='word_1_20' title='bbox 967 689 1102 772; x_wconf 88' lang='lat' dir='ltr'>quadam</span> <span class='ocrx_word' id='word_1_21' title='bbox 1125 707 1195 754; x_wconf 87' lang='lat' dir='ltr'>cum</span> <span class='ocrx_word' id='word_1_22' title='bbox 1217 690 1264 754; x_wconf 94' lang='lat' dir='ltr'>in-</span> 
     </span>
     <span class='ocr_line' id='line_1_4' title="bbox 142 807 1264 891; baseline 0.003 -20"><span class='ocrx_word' id='word_1_23' title='bbox 142 807 290 872; x_wconf 90' lang='lat' dir='ltr'>uentione</span> <span class='ocrx_word' id='word_1_24' title='bbox 312 826 368 873; x_wconf 87' lang='lat' dir='ltr'>seu</span> <span class='ocrx_word' id='word_1_25' title='bbox 390 807 563 874; x_wconf 85' lang='lat' dir='ltr'>adiectione</span> <span class='ocrx_word' id='word_1_26' title='bbox 585 807 693 873; x_wconf 89' lang='lat' dir='ltr'>iisdem</span> <span class='ocrx_word' id='word_1_27' title='bbox 717 809 816 874; x_wconf 90' lang='lat' dir='ltr'>modis</span> <span class='ocrx_word' id='word_1_28' title='bbox 844 807 957 891; x_wconf 88' lang='lat' dir='ltr'>quibus</span> <span class='ocrx_word' id='word_1_29' title='bbox 985 807 1057 873; x_wconf 91' lang='lat' dir='ltr'>olim</span> <span class='ocrx_word' id='word_1_30' title='bbox 1085 809 1264 874; x_wconf 81' lang='lat' dir='ltr'>manumissi</span> 
     </span>
     <span class='ocr_line' id='line_1_5' title="bbox 142 924 1057 1024; baseline 0.002 -34"><span class='ocrx_word' id='word_1_31' title='bbox 142 925 232 991; x_wconf 90' lang='lat' dir='ltr'>latini</span> <span class='ocrx_word' id='word_1_32' title='bbox 253 924 379 1006; x_wconf 89' lang='lat' dir='ltr'>fiebant,</span> <span class='ocrx_word' id='word_1_33' title='bbox 403 946 456 993; x_wconf 89' lang='lat' dir='ltr'>eos</span> <span class='ocrx_word' id='word_1_34' title='bbox 477 928 517 992; x_wconf 91' lang='lat' dir='ltr'>ad</span> <span class='ocrx_word' id='word_1_35' title='bbox 539 947 697 1024; x_wconf 75' lang='lat' dir='ltr'><strong>romanam</strong></span> <span class='ocrx_word' id='word_1_36' title='bbox 719 927 865 1011; x_wconf 86' lang='lat' dir='ltr'>perduxit</span> <span class='ocrx_word' id='word_1_37' title='bbox 887 929 1057 995; x_wconf 87' lang='lat' dir='ltr'>ciuitatem.</span> 
     </span>
    </p>
   </div>
   <div class='ocr_carea' id='block_1_3' title="bbox 345 1537 1057 1618">
    <p class='ocr_par' dir='ltr' id='par_1_3' title="bbox 345 1537 1057 1618">
     <span class='ocr_line' id='line_1_6' title="bbox 345 1537 1057 1618; baseline -0.001 -18"><span class='ocrx_word' id='word_1_38' title='bbox 345 1537 392 1602; x_wconf 87' lang='lat' dir='ltr'>Do</span> <span class='ocrx_word' id='word_1_39' title='bbox 415 1538 630 1618; x_wconf 78' lang='lat' dir='ltr'>adsignatione</span> <span class='ocrx_word' id='word_1_40' title='bbox 651 1537 843 1603; x_wconf 87' lang='lat' dir='ltr'>libertorum.</span> <span class='ocrx_word' id='word_1_41' title='bbox 880 1537 1004 1602; x_wconf 84' lang='lat' dir='ltr'>Titulus</span> <span class='ocrx_word' id='word_1_42' title='bbox 1028 1537 1057 1600; x_wconf 91' lang='lat'>8.</span> 
     </span>
    </p>
   </div>
   <div class='ocr_carea' id='block_1_4' title="bbox 91 1723 1311 3238">
    <p class='ocr_par' dir='ltr' id='par_1_4' title="bbox 132 1723 1311 2876">
     <span class='ocr_line' id='line_1_7' title="bbox 226 1723 1311 1802; baseline -0.003 -13"><span class='ocrx_word' id='word_1_43' title='bbox 226 1723 304 1789; x_wconf 83' lang='lat' dir='ltr'>Cum</span> <span class='ocrx_word' id='word_1_44' title='bbox 328 1725 367 1790; x_wconf 89' lang='lat' dir='ltr'>de</span> <span class='ocrx_word' id='word_1_45' title='bbox 389 1724 543 1789; x_wconf 89' lang='lat' dir='ltr'>libertinis</span> <span class='ocrx_word' id='word_1_46' title='bbox 566 1724 744 1802; x_wconf 72' lang='lat' dir='ltr'>dixerimus</span> <span class='ocrx_word' id='word_1_47' title='bbox 767 1726 797 1789; x_wconf 92' lang='lat' dir='ltr'>in</span> <span class='ocrx_word' id='word_1_48' title='bbox 820 1742 941 1790; x_wconf 89' lang='lat' dir='ltr'>summa</span> <span class='ocrx_word' id='word_1_49' title='bbox 962 1725 1127 1790; x_wconf 87' lang='lat' dir='ltr'>dicendum</span> <span class='ocrx_word' id='word_1_50' title='bbox 1150 1731 1200 1790; x_wconf 88' lang='lat' dir='ltr'>ast</span> <span class='ocrx_word' id='word_1_51' title='bbox 1221 1723 1260 1789; x_wconf 91' lang='lat' dir='ltr'>de</span> <span class='ocrx_word' id='word_1_52' title='bbox 1294 1735 1311 1786; x_wconf 76' lang='lat' dir='ltr'>a</span> 
     </span>
     <span class='ocr_line' id='line_1_8' title="bbox 137 1842 1260 1924; baseline 0.002 -18"><span class='ocrx_word' id='word_1_53' title='bbox 137 1843 239 1908; x_wconf 92' lang='lat' dir='ltr'>ineis</span> <span class='ocrx_word' id='word_1_54' title='bbox 268 1843 351 1906; x_wconf 84' lang='lat' dir='ltr'>faeta</span> <span class='ocrx_word' id='word_1_55' title='bbox 378 1842 604 1924; x_wconf 81' lang='lat' dir='ltr'>adsignatione.</span> <span class='ocrx_word' id='word_1_56' title='bbox 656 1844 738 1908; x_wconf 89' lang='lat' dir='ltr'>nosti</span> <span class='ocrx_word' id='word_1_57' title='bbox 768 1844 848 1908; x_wconf 87' lang='lat' dir='ltr'>enim</span> <span class='ocrx_word' id='word_1_58' title='bbox 877 1845 1000 1922; x_wconf 90' lang='lat' dir='ltr'>patroni</span> <span class='ocrx_word' id='word_1_59' title='bbox 1028 1843 1159 1922; x_wconf 85' lang='lat' dir='ltr'>liberos,</span> <span class='ocrx_word' id='word_1_60' title='bbox 1190 1861 1260 1908; x_wconf 86' lang='lat' dir='ltr'>aum</span> 
     </span>
     <span class='ocr_line' id='line_1_9' title="bbox 137 1959 1261 2045; baseline 0 -19"><span class='ocrx_word' id='word_1_61' title='bbox 137 1961 271 2026; x_wconf 87' lang='lat' dir='ltr'>eundem</span> <span class='ocrx_word' id='word_1_62' title='bbox 287 1963 449 2040; x_wconf 81' lang='lat' dir='ltr'>optineant</span> <span class='ocrx_word' id='word_1_63' title='bbox 462 1963 603 2042; x_wconf 84' lang='lat' dir='ltr'>gradum,</span> <span class='ocrx_word' id='word_1_64' title='bbox 626 1959 719 2026; x_wconf 92' lang='lat' dir='ltr'>simul</span> <span class='ocrx_word' id='word_1_65' title='bbox 741 1971 773 2026; x_wconf 90' lang='lat' dir='ltr'>et</span> <span class='ocrx_word' id='word_1_66' title='bbox 788 1980 825 2026; x_wconf 83' lang='lat' dir='ltr'>ex</span> <span class='ocrx_word' id='word_1_67' title='bbox 847 1963 954 2044; x_wconf 89' lang='lat' dir='ltr'>aequis</span> <span class='ocrx_word' id='word_1_68' title='bbox 975 1963 1116 2043; x_wconf 89' lang='lat' dir='ltr'>partibus</span> <span class='ocrx_word' id='word_1_69' title='bbox 1138 1962 1261 2045; x_wconf 87' lang='lat' dir='ltr'>paterni</span> 
     </span>
     <span class='ocr_line' id='line_1_10' title="bbox 136 2079 1262 2161; baseline 0.002 -18"><span class='ocrx_word' id='word_1_70' title='bbox 136 2079 244 2145; x_wconf 88' lang='lat' dir='ltr'>liberti</span> <span class='ocrx_word' id='word_1_71' title='bbox 267 2080 355 2145; x_wconf 86' lang='lat' dir='ltr'>adira</span> <span class='ocrx_word' id='word_1_72' title='bbox 378 2079 593 2145; x_wconf 86' lang='lat' dir='ltr'>hereditatem.</span> <span class='ocrx_word' id='word_1_73' title='bbox 642 2081 764 2145; x_wconf 85' lang='lat' dir='ltr'>censuit</span> <span class='ocrx_word' id='word_1_74' title='bbox 793 2085 897 2145; x_wconf 85' lang='lat' dir='ltr'>autem</span> <span class='ocrx_word' id='word_1_75' title='bbox 927 2087 1036 2161; x_wconf 87' lang='lat' dir='ltr'>postea</span> <span class='ocrx_word' id='word_1_76' title='bbox 1058 2086 1195 2159; x_wconf 86' lang='lat' dir='ltr'>senatus,</span> <span class='ocrx_word' id='word_1_77' title='bbox 1226 2089 1262 2146; x_wconf 90' lang='lat' dir='ltr'>ut</span> 
     </span>
     <span class='ocr_line' id='line_1_11' title="bbox 136 2199 1260 2280; baseline 0.001 -17"><span class='ocrx_word' id='word_1_78' title='bbox 136 2207 271 2280; x_wconf 87' lang='lat' dir='ltr'>patrono</span> <span class='ocrx_word' id='word_1_79' title='bbox 293 2199 398 2280; x_wconf 89' lang='lat' dir='ltr'>plures</span> <span class='ocrx_word' id='word_1_80' title='bbox 421 2200 535 2264; x_wconf 91' lang='lat' dir='ltr'>liberos</span> <span class='ocrx_word' id='word_1_81' title='bbox 558 2199 687 2264; x_wconf 89' lang='lat' dir='ltr'>habenti</span> <span class='ocrx_word' id='word_1_82' title='bbox 709 2199 816 2266; x_wconf 85' lang='lat' dir='ltr'>liceret</span> <span class='ocrx_word' id='word_1_83' title='bbox 838 2199 893 2264; x_wconf 92' lang='lat' dir='ltr'>uni</span> <span class='ocrx_word' id='word_1_84' title='bbox 915 2219 953 2266; x_wconf 87' lang='lat' dir='ltr'>ax</span> <span class='ocrx_word' id='word_1_85' title='bbox 975 2200 1024 2264; x_wconf 91' lang='lat' dir='ltr'>his</span> <span class='ocrx_word' id='word_1_86' title='bbox 1039 2200 1185 2265; x_wconf 87' lang='lat' dir='ltr'>libertum</span> <span class='ocrx_word' id='word_1_87' title='bbox 1208 2201 1260 2264; x_wconf 88' lang='lat' dir='ltr'>ad·</span> 
     </span>
     <span class='ocr_line' id='line_1_12' title="bbox 134 2318 1311 2401; baseline 0.002 -20"><span class='ocrx_word' id='word_1_88' title='bbox 134 2319 271 2401; x_wconf 88' lang='lat' dir='ltr'>signare.</span> <span class='ocrx_word' id='word_1_89' title='bbox 301 2326 333 2384; x_wconf 87' lang='lat' dir='ltr'>et</span> <span class='ocrx_word' id='word_1_90' title='bbox 355 2319 501 2399; x_wconf 84' lang='lat' dir='ltr'>deinceps</span> <span class='ocrx_word' id='word_1_91' title='bbox 523 2327 593 2400; x_wconf 89' lang='lat' dir='ltr'>post</span> <span class='ocrx_word' id='word_1_92' title='bbox 616 2318 719 2384; x_wconf 89' lang='lat' dir='ltr'>liberti</span> <span class='ocrx_word' id='word_1_93' title='bbox 747 2325 877 2384; x_wconf 88' lang='lat' dir='ltr'>mortem</span> <span class='ocrx_word' id='word_1_94' title='bbox 900 2320 927 2383; x_wconf 90' lang='lat' dir='ltr'>is</span> <span class='ocrx_word' id='word_1_95' title='bbox 952 2319 1051 2396; x_wconf 82' lang='lat' dir='ltr'>solua,</span> <span class='ocrx_word' id='word_1_96' title='bbox 1081 2319 1130 2385; x_wconf 86' lang='lat' dir='ltr'>cui</span> <span class='ocrx_word' id='word_1_97' title='bbox 1157 2319 1258 2400; x_wconf 88' lang='lat' dir='ltr'>adsig-</span> <span class='ocrx_word' id='word_1_98' title='bbox 1280 2320 1311 2372; x_wconf 85' lang='lat'>10</span> 
     </span>
     <span class='ocr_line' id='line_1_13' title="bbox 133 2437 1260 2520; baseline 0 -18"><span class='ocrx_word' id='word_1_99' title='bbox 133 2447 230 2504; x_wconf 89' lang='lat' dir='ltr'>natus</span> <span class='ocrx_word' id='word_1_100' title='bbox 252 2445 310 2516; x_wconf 88' lang='lat' dir='ltr'>est,</span> <span class='ocrx_word' id='word_1_101' title='bbox 332 2446 517 2520; x_wconf 89' lang='lat' dir='ltr'>patronatus</span> <span class='ocrx_word' id='word_1_102' title='bbox 540 2439 610 2503; x_wconf 88' lang='lat' dir='ltr'>iura</span> <span class='ocrx_word' id='word_1_103' title='bbox 631 2438 767 2514; x_wconf 85' lang='lat' dir='ltr'>habebit,</span> <span class='ocrx_word' id='word_1_104' title='bbox 790 2439 866 2503; x_wconf 92' lang='lat' dir='ltr'>nihii</span> <span class='ocrx_word' id='word_1_105' title='bbox 889 2439 966 2502; x_wconf 90' lang='lat' dir='ltr'>iuris</span> <span class='ocrx_word' id='word_1_106' title='bbox 988 2439 1028 2503; x_wconf 89' lang='lat' dir='ltr'>ad</span> <span class='ocrx_word' id='word_1_107' title='bbox 1051 2437 1156 2504; x_wconf 86' lang='lat' dir='ltr'>liberti</span> <span class='ocrx_word' id='word_1_108' title='bbox 1178 2438 1260 2504; x_wconf 89' lang='lat' dir='ltr'>bona</span> 
     </span>
     <span class='ocr_line' id='line_1_14' title="bbox 134 2555 1257 2638; baseline -0.002 -16"><span class='ocrx_word' id='word_1_109' title='bbox 134 2559 249 2622; x_wconf 84' lang='lat' dir='ltr'>ceteris</span> <span class='ocrx_word' id='word_1_110' title='bbox 271 2557 378 2622; x_wconf 87' lang='lat' dir='ltr'>liberis</span> <span class='ocrx_word' id='word_1_111' title='bbox 402 2559 524 2638; x_wconf 88' lang='lat' dir='ltr'>patroni</span> <span class='ocrx_word' id='word_1_112' title='bbox 548 2555 750 2634; x_wconf 82' lang='lat' dir='ltr'>habentibus,</span> <span class='ocrx_word' id='word_1_113' title='bbox 773 2558 844 2637; x_wconf 86' lang='lat' dir='ltr'>qui,</span> <span class='ocrx_word' id='word_1_114' title='bbox 867 2557 952 2622; x_wconf 88' lang='lat' dir='ltr'>nulla</span> <span class='ocrx_word' id='word_1_115' title='bbox 974 2555 1191 2638; x_wconf 82' lang='lat' dir='ltr'>adsignatione</span> <span class='ocrx_word' id='word_1_116' title='bbox 1213 2559 1257 2620; x_wconf 92' lang='lat' dir='ltr'>in-</span> 
     </span>
     <span class='ocr_line' id='line_1_15' title="bbox 133 2675 1256 2756; baseline -0.001 -17"><span class='ocrx_word' id='word_1_117' title='bbox 133 2677 340 2752; x_wconf 89' lang='lat' dir='ltr'>terueniente,</span> <span class='ocrx_word' id='word_1_118' title='bbox 364 2677 483 2756; x_wconf 89' lang='lat' dir='ltr'>pariter</span> <span class='ocrx_word' id='word_1_119' title='bbox 513 2676 762 2741; x_wconf 86' lang='lat' dir='ltr'>admitterentur.</span> <span class='ocrx_word' id='word_1_120' title='bbox 813 2678 840 2740; x_wconf 90' lang='lat' dir='ltr'>si</span> <span class='ocrx_word' id='word_1_121' title='bbox 867 2695 943 2741; x_wconf 91' lang='lat' dir='ltr'>uero</span> <span class='ocrx_word' id='word_1_122' title='bbox 971 2675 1132 2755; x_wconf 85' lang='lat' dir='ltr'>contingat</span> <span class='ocrx_word' id='word_1_123' title='bbox 1159 2675 1256 2752; x_wconf 78' lang='lat' dir='ltr'>ilium,</span> 
     </span>
     <span class='ocr_line' id='line_1_16' title="bbox 132 2795 1256 2876; baseline -0.002 -16"><span class='ocrx_word' id='word_1_124' title='bbox 132 2797 186 2860; x_wconf 84' lang='lat' dir='ltr'>eui</span> <span class='ocrx_word' id='word_1_125' title='bbox 207 2797 339 2861; x_wconf 88' lang='lat' dir='ltr'>libertus</span> <span class='ocrx_word' id='word_1_126' title='bbox 362 2804 409 2860; x_wconf 89' lang='lat' dir='ltr'>est</span> <span class='ocrx_word' id='word_1_127' title='bbox 431 2797 623 2876; x_wconf 76' lang='lat' dir='ltr'>adsignatus</span> <span class='ocrx_word' id='word_1_128' title='bbox 645 2795 713 2861; x_wconf 88' lang='lat' dir='ltr'>sine</span> <span class='ocrx_word' id='word_1_129' title='bbox 734 2796 840 2861; x_wconf 88' lang='lat' dir='ltr'>liboris</span> <span class='ocrx_word' id='word_1_130' title='bbox 856 2799 944 2874; x_wconf 89' lang='lat' dir='ltr'>mori,</span> <span class='ocrx_word' id='word_1_131' title='bbox 967 2803 1042 2860; x_wconf 86' lang='lat' dir='ltr'>tune</span> <span class='ocrx_word' id='word_1_132' title='bbox 1057 2796 1153 2861; x_wconf 89' lang='lat' dir='ltr'>ceteri</span> <span class='ocrx_word' id='word_1_133' title='bbox 1168 2795 1256 2859; x_wconf 90' lang='lat' dir='ltr'>liberi</span> 
     </span>
    </p>

    <p class='ocr_par' dir='ltr' id='par_1_5' title="bbox 91 2912 1308 3238">
     <span class='ocr_line' id='line_1_17' title="bbox 91 2912 1308 2998; baseline -0.007 -12"><span class='ocrx_word' id='word_1_134' title='bbox 91 2938 111 2986; x_wconf 89' lang='lat'>1.</span> <span class='ocrx_word' id='word_1_135' title='bbox 130 2917 257 2998; x_wconf 89' lang='lat' dir='ltr'>patroni</span> <span class='ocrx_word' id='word_1_136' title='bbox 279 2917 445 2995; x_wconf 89' lang='lat' dir='ltr'>pristinum</span> <span class='ocrx_word' id='word_1_137' title='bbox 468 2915 518 2980; x_wconf 89' lang='lat' dir='ltr'>ius</span> <span class='ocrx_word' id='word_1_138' title='bbox 540 2917 699 2997; x_wconf 84' lang='lat' dir='ltr'>recipient,</span> <span class='ocrx_word' id='word_1_139' title='bbox 722 2924 755 2981; x_wconf 92' lang='lat' dir='ltr'>et</span> <span class='ocrx_word' id='word_1_140' title='bbox 776 2917 887 2982; x_wconf 87' lang='lat' dir='ltr'>liberto</span> <span class='ocrx_word' id='word_1_141' title='bbox 910 2917 1085 2982; x_wconf 86' lang='lat' dir='ltr'>succedent.</span> <span class='ocrx_word' id='word_1_142' title='bbox 1133 2917 1160 2978; x_wconf 90' lang='lat'>1.</span> <span class='ocrx_word' id='word_1_143' title='bbox 1185 2912 1257 2978; x_wconf 90' lang='lat' dir='ltr'>Non</span> <span class='ocrx_word' id='word_1_144' title='bbox 1279 2921 1308 2972; x_wconf 81' lang='lat'>15</span> 
     </span>
     <span class='ocr_line' id='line_1_18' title="bbox 130 3033 1257 3100; baseline -0.001 -1"><span class='ocrx_word' id='word_1_145' title='bbox 130 3042 256 3099; x_wconf 85' lang='lat' dir='ltr'>tanturn</span> <span class='ocrx_word' id='word_1_146' title='bbox 279 3035 426 3099; x_wconf 87' lang='lat' dir='ltr'>libertum</span> <span class='ocrx_word' id='word_1_147' title='bbox 448 3043 497 3100; x_wconf 87' lang='lat' dir='ltr'>set</span> <span class='ocrx_word' id='word_1_148' title='bbox 519 3035 613 3100; x_wconf 90' lang='lat' dir='ltr'>etiam</span> <span class='ocrx_word' id='word_1_149' title='bbox 639 3036 783 3100; x_wconf 89' lang='lat' dir='ltr'>libertam</span> <span class='ocrx_word' id='word_1_150' title='bbox 813 3043 844 3099; x_wconf 87' lang='lat' dir='ltr'>et</span> <span class='ocrx_word' id='word_1_151' title='bbox 872 3055 932 3100; x_wconf 92' lang='lat' dir='ltr'>non</span> <span class='ocrx_word' id='word_1_152' title='bbox 961 3042 1083 3100; x_wconf 89' lang='lat' dir='ltr'>tantum</span> <span class='ocrx_word' id='word_1_153' title='bbox 1112 3033 1176 3100; x_wconf 84' lang='lat' dir='ltr'>filio</span> <span class='ocrx_word' id='word_1_154' title='bbox 1205 3052 1257 3098; x_wconf 90' lang='lat' dir='ltr'>ne·</span> 
     </span>
     <span class='ocr_line' id='line_1_19' title="bbox 108 3121 1256 3238; baseline -0.004 -19"><span class='ocrx_word' id='word_1_155' title='bbox 108 3121 263 3236; x_wconf 63' lang='lat' dir='ltr'>potine,</span> <span class='ocrx_word' id='word_1_156' title='bbox 306 3163 355 3219; x_wconf 89' lang='lat' dir='ltr'>set</span> <span class='ocrx_word' id='word_1_157' title='bbox 393 3157 486 3219; x_wconf 87' lang='lat' dir='ltr'>etiam</span> <span class='ocrx_word' id='word_1_158' title='bbox 530 3153 612 3220; x_wconf 90' lang='lat' dir='ltr'>filiae</span> <span class='ocrx_word' id='word_1_159' title='bbox 651 3157 799 3238; x_wconf 85' lang='lat' dir='ltr'>neptique</span> <span class='ocrx_word' id='word_1_160' title='bbox 841 3157 1008 3237; x_wconf 88' lang='lat' dir='ltr'>adsignare</span> <span class='ocrx_word' id='word_1_161' title='bbox 1055 3154 1256 3235; x_wconf 91' lang='lat' dir='ltr'>permittitur.</span> 
     </span>
    </p>
   </div>
   <div class='ocr_carea' id='block_1_5' title="bbox 0 0 1582 5338">
    <p class='ocr_par' dir='ltr' id='par_1_6' title="bbox 0 0 1582 5338">
     <span class='ocr_line' id='line_1_20' title="bbox 0 0 1582 5338; baseline 0 0"><span class='ocrx_word' id='word_1_162' title='bbox 0 0 1582 5338; x_wconf 95' lang='lat' dir='ltr'> </span> 
     </span>
    </p>
   </div>
  </div>
 </body>
</html>
