3154 5338
606 359 836 424 -301-

119 566 144 618 2.
166 547 195 610 2.
220 545 321 613 Datur
335 546 521 628 adsignandi
537 545 667 612 facultas
682 553 825 636 patrono,
843 547 895 625 qui
916 547 992 616 duos
1007 547 1153 629 pluresue
1168 544 1282 610 llberos

162 665 196 729 in
218 672 373 748 potestate
387 666 520 732 habeat:
544 667 736 746 emancipato
759 673 862 730 autem
886 663 1045 747 adsignari
1068 664 1185 747 nequit.
1209 664 1282 746 quid

164 805 239 866 ergo
261 794 309 850 est
331 785 358 853 si
381 787 450 867 quis
473 803 542 850 cnm
565 784 709 850 libertum
733 783 795 849 filio
818 802 876 849 suo
902 785 934 849 in
962 790 1118 867 potestate
1140 784 1284 864 adsigna·

164 906 255 985 namt,
279 911 388 986 postea
415 907 509 970 uiuus
536 903 634 970 filium
666 903 860 985 emancipet?
890 922 1077 984 quaeramus
1106 921 1180 968 num
1210 921 1283 968 eua-

163 1031 271 1090 noscet
294 1023 481 1105 adsignatio.
527 1029 560 1087 et
580 1021 696 1104 placuit
724 1022 845 1089 Iuliano
874 1029 906 1088 et
933 1022 1002 1088 aliis
1029 1022 1187 1104 plerisque
1210 1041 1280 1104 pru·
1316 1031 1332 1082 e

118 1161 145 1214 3.
163 1144 310 1210 dentibus
334 1162 529 1210 erranescere.
564 1141 594 1204 3.
627 1143 735 1207 Potest
756 1143 914 1222 adsignari
936 1161 997 1208 non
1020 1143 1110 1208 modo
1133 1143 1163 1206 in
1187 1147 1282 1208 testa-

163 1271 268 1330 mento
290 1270 339 1330 set
361 1265 453 1330 etiam
477 1264 515 1330 ab
538 1267 695 1344 intestato,
718 1282 775 1328 nac
797 1269 870 1328 sunt
885 1264 924 1328 ad
939 1264 997 1329 hoc
1013 1262 1171 1328 sollemnia
1187 1264 1284 1328 uerba

164 1385 344 1448 constituta.
368 1383 483 1450 factum
499 1389 547 1447 est
561 1389 666 1448 autem
686 1387 812 1447 senatus
829 1383 1002 1450 consultum
1017 1381 1055 1446 de
1069 1382 1283 1462 adsignatione
1371 1379 1372 1383 ’

164 1506 227 1568 diui
252 1503 377 1569 Claudii
399 1503 600 1584 temporibus,
624 1500 722 1567 Suillo
745 1501 824 1568 Rufo
848 1508 880 1568 et
894 1500 1042 1566 Hostorio
1058 1499 1190 1582 Scapula
1213 1519 1283 1566 con·

163 1624 293 1689 sulibus.
1302 1621 1333 1671 ¹⁰

361 2272 407 2336 De
429 2267 579 2337 bonorum
602 2270 858 2353 possessionibus.
904 2267 1027 2333 Titulos
1051 2269 1079 2331 9.

249 2455 338 2522 Sicut
359 2457 409 2522 lex
431 2457 490 2521 XII
511 2457 688 2521 tabularum
712 2455 936 2520 successionem
966 2475 1003 2519 ex
1026 2459 1213 2519 testamento
1236 2459 1284 2518 at-

163 2597 225 2658 que
246 2579 286 2643 ab
309 2578 458 2642 intestato
480 2577 669 2656 introduxit,
692 2586 786 2659 atque
814 2579 904 2643 modo
927 2580 993 2658 ipso
1016 2578 1085 2644 iure
1108 2578 1175 2643 fieri
1197 2577 1284 2644 here·

165 2699 221 2761 des
244 2699 371 2777 eosqui
401 2708 556 2764 uocantur
582 2699 684 2772 iubet,
712 2699 810 2763 ueluti
844 2698 1050 2777 necessarios,
1085 2700 1175 2764 modo
1209 2717 1283 2764 uero

164 2819 261 2894 adire,
284 2818 383 2882 ueluti
405 2826 535 2895 ceteros,
557 2819 602 2882 ite
624 2824 656 2882 et
678 2828 803 2899 praetor
826 2819 977 2884 bonorum
1006 2818 1218 2900 possessiones
1240 2821 1284 2884 ln·

164 2939 319 3016 crodunt,
343 2956 398 3018 per
421 2955 498 3019 quas
521 2939 612 3001 modo
635 2938 762 3019 corrigit
788 2937 967 3016 lusciniis,
996 2940 1087 3003 modo
1110 2937 1203 3004 etiam
1229 2940 1334 3007 im·1n

118 3120 122 3128 .
163 3066 293 3138 pugnat.
317 3076 373 3123 nec
396 3065 517 3122 tantum
540 3061 571 3122 in
593 3059 631 3122 iis
654 3058 911 3132 successionibus
934 3066 970 3122 ut
992 3059 1108 3123 dictum
1124 3065 1180 3136 est,
1204 3075 1284 3138 quae

164 3178 204 3240 ab
228 3177 376 3242 intestato
399 3177 581 3242 deferuntur
603 3178 789 3259 (cumcuim
811 3178 879 3242 iure
905 3179 988 3244 ciuili
1017 3179 1118 3260 capite
1136 3179 1285 3244 deminuti

164 3297 273 3376 etqui
296 3299 335 3361 ab
358 3297 433 3376 ipsis
457 3298 664 3377 descendunt,
694 3318 811 3364 necnon
839 3318 894 3380 per
924 3297 1063 3363 feminini
1093 3319 1184 3364 sonus
1215 3319 1285 3370 con.-

162 3418 290 3482 iunctae
328 3435 477 3499 personae
510 3417 721 3494 reicerentur,
764 3417 891 3484 tertium
928 3420 1107 3497 excogitans
1145 3420 1284 3482 ordinem
