3154 5338
530 423 757 488 ..327-

97 631 160 678 nem
182 613 232 678 uel
254 612 394 678 laniando
416 613 468 676 uel
488 631 550 677 nou
573 611 714 678 iaciendo
735 611 942 688 cornuiseriS,
969 613 1098 692 propter
1119 608 1200 672 eius-

95 731 172 795 modi
198 749 316 812 poenae
346 731 518 797 clausulam
549 731 588 795 ad
618 730 793 812 complures
822 749 937 812 poenas
967 727 1133 794 soluendas
1155 731 1200 791 te·

95 851 219 916 ueberis.

144 1363 191 1428 De
214 1362 337 1427 duobus
359 1363 420 1427 reis
443 1363 615 1444 stipulaudi
637 1368 670 1426 et
690 1361 904 1443 promittendi.
939 1359 1060 1425 Titulus
1085 1363 1132 1423 16.

165 1515 300 1597 Oportet
330 1534 401 1580 cum
434 1516 488 1597 qui
521 1516 560 1581 de
589 1515 843 1598 stipulationibus
870 1514 1011 1594 loquitur
1038 1513 1132 1578 etiam
1160 1511 1225 1577 dec

87 1636 142 1700 reis
164 1635 338 1717 stipulaudi
361 1641 392 1700 et
413 1636 616 1718 promittendi
632 1640 780 1712 tractare,
803 1635 857 1715 qui
881 1633 942 1698 duo
965 1634 1111 1715 pluresue
1131 1630 1232 1696 fierit

87 1761 220 1836 possunt.
267 1755 310 1821 Et
331 1757 377 1820 rei
399 1756 571 1838 stipulaudi
597 1756 642 1820 ita
668 1754 762 1819 fiunt:
789 1754 816 1818 si
837 1753 961 1818 Primus
984 1757 1015 1818 et
1037 1751 1198 1816 Secundus
1253 1826 1257 1836 „

88 1873 202 1938 cuidam
217 1873 367 1940 Caureos
387 1880 513 1940 mutuos
529 1875 681 1952 dederint,
697 1880 792 1955 atque
808 1879 941 1954 uterque
956 1891 1026 1937 eum
1041 1872 1100 1937 sibi
1115 1871 1199 1937 debi-

87 1997 179 2058 torem
201 2013 273 2059 esse
294 1995 372 2058 uelit
393 1993 425 2058 in
445 1995 588 2072 solidum,
613 1993 784 2076 stipulatur
805 1999 938 2074 uterque
961 1993 1138 2074 separatim,
1162 1997 1199 2056 ut

86 2118 151 2192 post
164 2113 333 2194 utriusque
348 2113 582 2193 stipulationem
602 2113 814 2193 interrogatus
830 2114 1031 2194 respondeat:
1059 2131 1198 2193 »spon-

86 2231 182 2296 deo«.
218 2237 257 2297 ut
278 2251 349 2297 ecoe
371 2232 495 2297 Primus
519 2251 538 2296 a
559 2251 609 2296 me
631 2231 800 2313 stipulatus
823 2237 887 2295 est:
909 2231 1081 2313 spondes
1104 2231 1198 2295 dare
1219 2237 1249 2287 10

85 2353 170 2416 mihi
193 2371 335 2418 aureos
359 2353 549 2429 centuml,
573 2353 716 2417 similiter
738 2357 770 2416 et
792 2351 963 2428 Secundus,
988 2351 1099 2416 deinde
1121 2350 1198 2414 utri-

86 2491 139 2552 que
153 2473 304 2555 respondi
321 2473 439 2538 dicens:
467 2473 650 2554 »utrique
673 2478 851 2538 uestrum
874 2472 969 2536 dare
991 2471 1196 2553 spondeo«.

84 2591 157 2656 Nam
180 2593 207 2657 si
230 2598 326 2658 autea
347 2593 452 2657 Primo
480 2592 700 2674 spoponderim
721 2591 770 2658 his
793 2592 911 2657 uerbis:
944 2591 1060 2656 »dare
1086 2610 1199 2672 spou-

85 2711 189 2790 deo‹‚
214 2712 329 2778 deinde
351 2712 495 2778 Secundo
520 2713 727 2793 interroganti
754 2712 862 2777 eadem
883 2711 1112 2794 spoponderim,
1136 2711 1198 2775 alia

85 2837 171 2914 atque
193 2834 258 2898 alia
281 2832 478 2898 contrahitur
500 2833 663 2914 obligatio,
691 2850 753 2896 non
775 2851 851 2896 uero
874 2832 936 2896 duo
958 2832 1004 2896 rei
1025 2829 1195 2912 stipulandi
1218 2834 1248 2883 ¹5

85 2950 144 3016 fieri
166 2952 350 3018 creduntur.
396 2953 458 3017 duo
481 2953 628 3034 pluresue
657 2951 703 3017 rei
731 2951 933 3034 promittendi
956 2951 1001 3015 ita
1022 2949 1115 3014 fiunt:
1144 2969 1197 3014 ue

85 3070 137 3136 luti
151 3073 178 3138 si
189 3073 352 3138 Maeuium
364 3071 541 3154 salumque,
553 3072 667 3154 quibus
679 3073 709 3136 V
723 3091 835 3137 aureos
850 3077 976 3136 mutuos
988 3070 1135 3148 dederim,
1152 3069 1198 3134 ita

84 3188 284 3274 interrogem:
312 3191 552 3274 »spondesne
574 3191 699 3255 Maeui
721 3191 750 3255 V
772 3209 918 3254 aureos
941 3189 1032 3254 mihi
1054 3189 1193 3254 darei«

87 3307 179 3389 »Sei
203 3310 363 3376 eosdem
385 3311 558 3392 quinque
584 3328 728 3374 aureos
750 3309 847 3376 mihi
870 3309 961 3374 dare
983 3309 1177 3392 spondes?¹
