3370 5350
627 383 860 448 -260-

183 569 268 634 eninr
290 569 349 634 sub
371 569 582 636 condicionem
609 571 774 647 institutus
797 577 862 652 est,
890 592 971 655 quae
1001 572 1182 655 deiecerit),
1208 593 1304 658 nepos
1372 497 1450 632 Χ

178 705 242 754 auo
264 707 342 755 suus
364 689 456 756 heres
477 689 544 757 fiet:
568 708 640 756 nam
662 709 724 772 qun
746 697 886 773 ternpore
900 699 1019 758 certum
1041 693 1101 758 fuit
1121 693 1303 758 intestatum

182 809 355 874 decessisse
377 816 559 875 testatorem
582 809 667 876 solus
689 827 785 892 nepos
807 812 839 876 in
867 811 934 876 eius
960 810 1077 876 familis
1099 819 1228 894 propter
1249 812 1304 878 biii

136 936 163 990 8.
180 935 314 994 mortem
338 928 440 994 medio
462 935 602 1009 tempore
624 935 772 1008 secutam,
796 931 965 996 inuenitur.
999 931 1029 995 8.
1062 931 1180 997 Eadem
1202 931 1304 998 locum

179 1047 299 1114 habent
321 1047 348 1112 si
371 1049 443 1114 uiuo
467 1067 527 1113 auo
550 1055 717 1128 conceptus
740 1049 782 1114 sit
810 1053 921 1130 nep'os,
952 1049 1095 1131 quamuis
1125 1057 1197 1129 post
1223 1069 1304 1116 mor·
1337 1059 1355 1112 o

181 1177 244 1232 tem
267 1168 334 1232 eius
357 1175 450 1233 natus
472 1169 522 1245 sit,
546 1168 573 1232 si
596 1173 701 1232 tamen
723 1167 807 1233 solus
830 1170 861 1232 in
877 1167 1016 1234 defuncti
1030 1169 1158 1248 familia,
1181 1171 1302 1236 nemine

179 1289 395 1366 antecedente,
418 1288 606 1368 inueniatur,
630 1308 698 1354 cum
716 1297 881 1355 extraneus
902 1291 1064 1356 uoluntate
1079 1297 1136 1364 aut
1150 1309 1225 1356 casu
1240 1310 1302 1356 non

179 1408 295 1472 adierit
315 1407 533 1473 hereditatem.
578 1408 669 1488 plane
691 1411 715 1474 si
739 1429 777 1474 ex
798 1409 860 1474 filio
883 1429 979 1492 nepos
1001 1417 1072 1492 post
1094 1412 1147 1476 aui
1170 1418 1301 1475 mortem

180 1535 349 1610 conceptus
372 1534 404 1594 et
425 1537 518 1594 natus
541 1529 592 1608 sit,
617 1531 729 1596 deinde
751 1550 820 1596 cum
843 1531 945 1596 media
972 1538 1096 1596 mortua
1117 1529 1212 1595 fuerit
1233 1547 1302 1611 per-

178 1667 265 1726 sana,
288 1655 455 1714 extranens
479 1647 683 1715 hereditatem
706 1667 766 1716 non
790 1652 911 1730 adierit,
939 1669 1000 1716 non
1022 1651 1096 1714 item
1113 1668 1188 1714 suus
1210 1650 1301 1714 heres
1321 1662 1353 1714 10

178 1786 275 1852 nepos
298 1769 426 1848 extabit,
448 1769 565 1835 nullam
588 1767 670 1835 enim
693 1772 885 1852 cognationis
906 1773 1040 1853 speciem
1064 1789 1133 1834 cum
1150 1775 1301 1834 testatore

178 1887 252 1954 talis
285 1887 413 1954 habebit
440 1908 545 1972 nepae.
596 1890 701 1968 Quare
729 1908 785 1956 nec
812 1885 864 1954 ille
892 1889 999 1955 liberis
1026 1891 1301 1961 connumerabitur

179 2028 272 2092 quem
305 2007 388 2074 filius
423 2029 510 2076 meus
547 2011 759 2092 emancipatus
794 2010 1001 2091 adoptauerit.
1055 2012 1082 2074 si
1115 2011 1196 2075 enim
1230 2028 1301 2074 eue-

177 2129 243 2192 niat
264 2135 301 2193 ut
323 2148 380 2210 ego
408 2130 577 2196 intestatus
604 2130 768 2209 decedam,
797 2129 862 2194 filio
891 2149 958 2196 meo
986 2132 1180 2210 emancipato
1210 2147 1300 2210 prae·

177 2253 321 2325 mortuo,
358 2249 404 2320 is,
443 2267 534 2330 quem
569 2247 620 2314 iile
653 2248 869 2331 adoptauerit,
904 2249 989 2314 nullo
1022 2250 1090 2314 iure
1123 2249 1198 2313 mihi
1231 2266 1350 2320 suo-15

178 2367 282 2446 cedet,
318 2385 389 2432 cum
421 2367 536 2432 nullam
565 2368 757 2449 cognationis
785 2369 918 2448 speciem
949 2387 1068 2434 mecum
1095 2366 1299 2449 praeseferat.

177 2505 234 2551 nec
256 2493 378 2551 tantum
402 2487 578 2552 huiusmodi
600 2505 751 2568 personae
773 2487 841 2552 iure
867 2487 950 2551 ciuili
978 2488 1053 2551 mihi
1076 2486 1206 2552 heredes
1229 2505 1299 2552 esse

131 2623 158 2674 a.
177 2625 238 2672 non
265 2611 410 2686 possunt,
445 2612 494 2670 set
522 2625 579 2672 nec
606 2607 758 2672 bonorum
790 2607 1017 2690 possessionem
1051 2612 1173 2688 petere,
1208 2605 1298 2686 quasi

31 2705 32 2708 Ἴ
177 2729 309 2808 cognati.
352 2727 429 2792 haec
452 2728 490 2792 de
512 2729 578 2792 suis
601 2727 777 2792 heredibus

262 2849 291 2914 9.
324 2847 520 2929 Emancipati
542 2854 647 2912 autem
670 2846 779 2925 liberi,
808 2855 844 2912 ut
871 2846 921 2912 uel
949 2847 980 2912 in
1008 2846 1147 2912 secunda
1173 2845 1298 2910 institu·
1315 2852 1349 2903 ao

176 2967 261 3032 tione
290 2967 442 3042 diximum
470 2969 540 3034 iure
568 2970 692 3051 quidem
721 2967 805 3034 ciuili
836 2967 911 3031 nihil
940 2965 1018 3030 iuris
1048 2965 1201 3030 aduersus
1223 2981 1297 3028 suos

176 3087 292 3152 habent
314 3095 473 3168 parentem
497 3088 701 3170 nequeenim
724 3087 771 3150 sui
794 3086 925 3151 heredes
954 3084 1023 3150 fieri
1053 3091 1197 3166 possunt,
1227 3099 1296 3146 cum

176 3205 374 3289 inponentis
402 3213 557 3288 potestate
585 3224 655 3272 esse
682 3207 851 3284 desierint,
885 3223 986 3286 neque
1013 3210 1048 3268 ut
1077 3204 1200 3284 cognati
1227 3201 1297 3282 lege

175 3321 238 3390 XII
260 3327 438 3391 tabularum
461 3334 615 3390 uocantur
637 3331 766 3406 propter
792 3343 886 3408 quam
908 3323 992 3406 passi
1015 3330 1089 3388 aunt
1111 3319 1221 3404 capitis
1245 3321 1296 3386 de·

175 3447 387 3513 minutionem,
432 3452 559 3538 praetor
586 3464 661 3511 uero
690 3443 826 3510 naturali
853 3446 1011 3527 aequitate
1040 3449 1142 3508 motus
1173 3442 1227 3507 dat
1250 3441 1295 3506 eis
