3298 5322
495 416 810 479 ·-394-

133 588 259 652 furandi
280 589 313 653 in
336 589 490 654 eiusmodi
506 596 611 656 aetate
626 591 810 673 plerumque
827 591 926 672 deest,
951 597 983 655 et
998 591 1101 673 magis
1125 591 1250 656 uidetur

133 732 191 795 per
213 713 378 778 lasciuiam
402 721 433 779 et
455 715 571 790 ludum,
595 735 689 795 quam
713 715 786 780 dolo
809 716 893 780 molo
916 735 983 779 rem
1000 715 1168 782 amouisse.
1201 724 1249 780 set

132 838 180 900 ita
202 838 326 902 demum
350 859 419 903 enm
443 839 517 903 furti
540 840 676 922 obligari
699 841 831 923 placuit,
856 840 884 904 si
906 841 1068 924 proximus
1091 841 1250 924 pubertati

76 975 121 1026 19.
134 963 176 1027 sit
204 970 235 1027 et
263 964 303 1027 ob
331 963 364 1027 id
391 964 556 1047 intellegat
583 985 654 1029 sese
681 964 816 1029 furando
845 965 1036 1046 delinquere.
1092 969 1140 1032 19.
1163 965 1250 1029 Furti

134 1087 219 1152 actio
243 1089 311 1153 siue'
335 1090 476 1173 duplum,
506 1091 573 1155 siue
597 1091 805 1174 quadruplum
828 1096 1037 1173 persequatur
1061 1091 1103 1152 ad
1126 1109 1249 1173 poenae
1287 1101 1303 1151 5

133 1219 257 1277 tantum
290 1215 540 1298 persecutionem
574 1235 638 1280 non
673 1215 768 1279 etiam
799 1215 847 1280 rei
877 1215 1022 1298 pertinet.
1067 1234 1134 1278 rem
1168 1214 1250 1278 enim

133 1339 330 1404 extrinsecus
354 1331 497 1404 dominus
519 1341 727 1424 persequitur,
752 1340 820 1404 siue
842 1339 1033 1403 uindicando
1059 1339 1127 1402 siue
1145 1338 1251 1403 condi-

134 1463 246 1527 eendo.
292 1469 340 1529 set
362 1463 533 1528 uindicatio
558 1463 684 1544 quidem
707 1463 860 1528 aduersus
884 1483 1007 1527 omnem
1035 1482 1251 1545 possessorem

134 1587 295 1669 competit,
320 1587 387 1652 siue
410 1588 461 1651 fur
475 1588 543 1671 ipse
559 1589 711 1671 possidet,
736 1588 803 1652 siue
820 1587 901 1652 alius
923 1587 1072 1668 quilibet:
1097 1587 1251 1651 condictio

134 1718 241 1774 autem
257 1711 373 1775 furtiua
386 1712 539 1776 aduersus
555 1713 655 1776 furem
671 1719 791 1776 tantum
807 1711 980 1776 heredesuc
997 1711 1073 1792 eius,
1096 1711 1171 1775 licet
1186 1731 1250 1775 rem
1274 1720 1306 1771 10

134 1856 200 1900 non
222 1835 416 1918 possideant,
441 1837 599 1920 competit.

332 2563 412 2644 De1)
436 2563 468 2627 ui
491 2565 643 2628 bonorum
666 2571 835 2647 raptorum.
881 2562 1004 2625 Titulus
1028 2564 1057 2628 2.

206 2709 307 2806 Ἐοε,
335 2723 389 2804 qui
417 2724 538 2788 alienas
565 2743 617 2788 res
644 2723 771 2806 rapiunt
799 2723 868 2786 iura
895 2721 1065 2803 impunitos
1094 2741 1164 2785 esse
1192 2742 1256 2786 non

137 2850 258 2930 sinunt3
283 2869 356 2912 nam
379 2848 454 2912 furti
476 2855 628 2912 tenentur.
674 2867 766 2911 nemo
791 2846 873 2910 enim
896 2846 999 2928 magis
1029 2845 1166 2910 alienam
1189 2865 1256 2909 rem

137 2973 239 3037 inuito
264 2972 388 3038 domino
412 2977 599 3054 contrectat,
629 2967 723 3052 quam
751 2972 806 3052 qui
833 2992 903 3036 eam
925 2971 959 3034 ui
985 2971 1077 3054 rapit.
1123 2971 1256 3051 ideoque

137 3071 322 3164 rectissime
340 3097 451 3162 dicitur
466 3097 637 3180 improbior
652 3097 702 3161 fur
717 3104 825 3181 raptor
840 3116 919 3161 esse.
954 3102 1003 3160 set
1018 3097 1113 3160 etiam
1129 3101 1258 3179 praetor
1277 3103 1312 3155 15

138 3223 303 3308 propriam
333 3222 488 3286 actionem
516 3223 584 3286 eius
612 3221 719 3286 delicti
746 3221 871 3286 nomine
899 3221 1083 3301 introduxit,
1114 3221 1142 3284 h.
1167 3240 1193 3284 e.
1221 3220 1258 3283 ui

139 3352 324 3414 bonorum
339 3354 541 3431 raptorum.
584 3347 663 3412 haec
680 3366 754 3411 uero
771 3347 854 3410 intra
869 3366 994 3426 annum,
1012 3364 1051 3409 ex
1067 3363 1129 3426 quo
1144 3344 1259 3427 rapina

140 3476 230 3539 facta
250 3479 307 3555 est,
331 3474 365 3538 in
387 3472 608 3556 quadruplum:
632 3477 704 3554 post
719 3491 835 3534 annum
850 3489 929 3534 uero
943 3470 975 3534 in
992 3469 1137 3552 simplum
1158 3468 1257 3532 datur.

234 3705 255 3772 1)
274 3702 368 3757 addidi
386 3717 420 3757 ex
435 3701 487 3756 Thi
504 3702 589 3770 libris,
607 3701 673 3754 licet
690 3701 850 3769 Kruegerus
869 3702 1018 3768 expungat,
1039 3697 1262 3766 subintellegitur

141 3807 242 3860 nempe
264 3793 413 3862 ,actione“,
431 3792 496 3846 licet
515 3791 593 3844 allter
610 3790 732 3858 graeculi
749 3788 939 3842 intellexerint.
