3328 5318
585 390 735 451 —·447
784 425 825 432 -—

145 569 300 628 nonerunt
326 568 418 646 pater
447 564 499 627 uel
529 563 681 628 dominus.
727 583 800 627 nam
835 563 861 626 si
896 564 972 643 quid
1007 568 1116 628 contra
1150 583 1259 628 eorum

145 689 340 753 uoluntatem
362 688 444 752 filius
467 689 605 752 familias
628 689 681 752 uel
708 707 820 752 seruus
843 689 1025 770 habuerint,
1054 689 1087 752 id
1114 710 1177 753 non
1205 690 1259 753 ad-

144 813 361 878 numerabitur
397 813 531 895 peculio.
590 815 766 895 ‘excepto
807 833 848 877 eo
888 814 986 895 quod
1024 815 1260 879 naturaliter

145 937 314 1002 debetur'
341 936 457 1018 addidi,
483 937 557 1018 quia
573 937 606 999 id
621 937 747 1020 proprie
763 938 921 1020 peculium
938 943 986 1002 est
1003 938 1087 1020 quod
1103 946 1259 1020 superest,

145 1063 280 1126 deducto
304 1081 353 1142 eo,
382 1061 466 1163 quod
493 1061 680 1126 naturaliter
709 1061 850 1126 debetur.
900 1067 934 1125 ut
962 1082 1035 1126 ecce
1068 1063 1122 1142 qui
1148 1062 1181 1126 in
1204 1069 1259 1126 tua
1297 1079 1312 1128 5

145 1191 373 1269 estpotestate
398 1186 422 1248 0
446 1206 559 1250 aureos
582 1186 658 1249 mihi
678 1186 782 1266 debet,
806 1187 1027 1268 peculiumque
1044 1187 1148 1268 habet,
1174 1188 1258 1267 qnod

144 1312 247 1394 prima
269 1311 351 1376 facie
375 1309 450 1374 000
475 1331 641 1375 aureorum
665 1331 735 1375 esse
758 1311 892 1375 uidetur.
928 1317 976 1375 set
991 1311 1075 1393 patri
1091 1311 1257 1375 dominoue

146 1435 170 1499 0
194 1455 308 1499 aureos
332 1436 435 1516 debet,
459 1436 534 1500 item
559 1436 597 1515 ei,
623 1436 724 1517 quiin
740 1436 881 1500 eiusdem
905 1441 1136 1518 estpotestate,
1160 1437 1260 1500 ueluti

145 1579 298 1624 conseruo
322 1560 373 1624 uel
396 1561 500 1641 l'ratri,
530 1561 583 1624 uel
607 1560 689 1624 filius
717 1561 857 1624 familias
886 1566 958 1624 tuus
988 1580 1079 1624 seruo
1109 1568 1177 1641 tuo,
1207 1563 1259 1625 uel

145 1703 256 1748 seruus
284 1690 356 1748 tuus
390 1685 454 1748 filio
487 1685 624 1749 familias
659 1690 712 1762 tuo
749 1706 863 1750 aureos
888 1685 953 1748 CL:
990 1706 1102 1767 purum
1133 1685 1258 1750 uidetur
1279 1698 1313 1748 10
1382 1713 1386 1739 1

145 1809 302 1891 peculium
325 1810 351 1871 L
375 1829 489 1872 aureos
513 1810 680 1890 continere.
727 1810 898 1890 aliquando
922 1815 1027 1873 tamen
1051 1810 1092 1890 id,
1118 1809 1202 1889 quod
1228 1811 1258 1874 ei

146 1933 289 2014 debetur,
318 1933 427 2014 quiin
450 1933 591 1997 eiusdem
614 1940 662 1998 est
685 1939 857 2016 potestate,
889 1954 952 1998 non
980 1934 1158 2014 deducitur,
1188 1953 1258 1998 cum

146 2057 185 2120 de
207 2057 332 2140 peculio
348 2058 461 2139 agitur.
498 2059 597 2122 ueluti
612 2059 645 2122 in
660 2059 718 2122 hac
736 2058 851 2141 specie.
885 2078 995 2122 seruus
1012 2063 1084 2122 tuus
1101 2059 1257 2123 hominem

146 2182 178 2244 in
211 2182 335 2264 peculio
368 2182 521 2263 habebat3
560 2183 649 2245 illum
684 2183 810 2263 quidem
841 2203 968 2247 seruum
1004 2183 1258 2247 ‘ordinarium’

146 2306 222 2370 iuris
257 2307 391 2370 consulti
425 2326 541 2370 uocare
577 2307 692 2388 solent,
733 2308 865 2371 alterum
903 2327 979 2371 uero
1017 2308 1101 2371 serui
1135 2328 1260 2372 seruum
1281 2318 1312 2368 15

147 2438 262 2495 uocant
285 2432 498 2512 bicarium,
528 2433 603 2511 quia
631 2433 752 2496 uicem
775 2432 874 2514 ipsius
902 2433 1032 2514 optinet,
1061 2432 1142 2496 idest
1169 2433 1261 2496 sicuti

147 2555 323 2620 ordinarius
347 2576 458 2620 seruus
482 2561 537 2638 est,
561 2557 606 2619 ita
626 2563 657 2620 et
673 2556 824 2620 uicarius:
850 2561 921 2618 sunt
946 2555 1041 2637 igitur
1064 2557 1096 2620 in
1120 2557 1259 2620 eiusdem

147 2685 311 2763 potestate.
359 2680 496 2744 debebat
518 2681 594 2744 mihi
618 2700 728 2744 seruus
751 2686 824 2743 tuus
848 2700 961 2744 aureos
980 2679 1015 2754 O,
1038 2680 1258 2762 peculiumque

147 2805 286 2869 habebat
314 2824 481 2868 aureorum
510 2805 570 2868 CL.
616 2825 720 2868 rerum
741 2805 823 2868 enim
846 2804 1053 2886 peculiarium
1080 2805 1259 2869 aestimatio

148 2930 190 2992 ad
205 2930 286 2994 hanc
303 2950 455 2994 summam
470 2931 679 3011 referebatur3
704 2931 736 2993 in
752 2930 811 2993 hac
828 2929 1045 2993 aestimatione
1068 2935 1099 2993 et
1121 2929 1259 2993 uicarius
1279 2941 1314 2992 20

149 3055 374 3118 continebatur.
410 3055 547 3118 debebat
563 3055 636 3118 item
654 3055 830 3118 ordinarius
846 3054 965 3118 uicario
983 3073 1095 3117 aureos
1113 3053 1145 3116 0.
1176 3075 1196 3116 a
1211 3074 1261 3116 me

149 3179 272 3242 actione
296 3177 335 3242 de
358 3179 482 3262 peculio
507 3185 694 3260 conuentus,
722 3199 784 3244 non
812 3185 902 3262 potes
927 3198 1085 3262 opponere
1109 3179 1193 3241 serui
1215 3179 1262 3240 tui

148 3303 306 3385 peculium
330 3304 536 3368 Ldumtaxat
560 3324 727 3368 aureorum
751 3323 831 3384 esse,
856 3310 950 3384 teque
974 3304 1047 3366 inL
1067 3289 1167 3368 solum
1192 3323 1262 3368 esse

150 3427 434 3509 condemnandum,
468 3448 537 3492 cum
561 3449 672 3492 seruus
699 3434 784 3509 tuus,
820 3429 908 3492 cuius
936 3429 1062 3493 nomine
1091 3435 1195 3492 tecum
1223 3428 1262 3491 de

150 3553 274 3634 peculio
310 3553 421 3634 agitur,
456 3543 574 3617 bicario
612 3553 635 3616 0
670 3573 783 3617 aureos
823 3553 945 3617 debeat.
1002 3573 1074 3616 nam
1110 3553 1263 3617 eiusmodi
1283 3560 1315 3612 25
