3370 5350
584 387 818 452 -279-

299 712 346 778 De
368 717 497 778 senatus
519 675 662 778 consulto
684 711 874 778 tertulliano.
919 711 1044 778 Titulus
1066 712 1096 778 3.

147 979 149 982 v
226 897 274 962 Ex
296 897 344 962 his
366 915 448 980 quae
470 897 614 978 superius
637 897 771 962 diximus
793 898 937 964 nouimus
959 898 1037 982 legis
1059 897 1122 964 XII
1143 901 1264 968 tabula·

138 1033 207 1081 rum
237 1014 444 1098 suptilitatem
473 1022 506 1081 et
533 1017 695 1097 angustias
725 1016 807 1083 circa
837 1017 1061 1084 hereditatem:
1091 1019 1266 1101 expellebat

138 1136 221 1201 enim
245 1135 457 1216 emancipatos
478 1153 499 1199 a
520 1141 644 1220 patrum
668 1136 874 1214 successione,
897 1137 981 1219 ipsos
1004 1142 1131 1220 proptes
1154 1140 1264 1222 capitis

139 1255 382 1321 deminutionem
398 1259 596 1321 consecutam
612 1255 737 1320 minime
752 1273 938 1338 agnoscens:
954 1256 1162 1322 masculorum
1178 1277 1264 1339 prae-

138 1375 276 1458 ponebat
297 1375 492 1457 progeniem,
514 1391 631 1456 eosque
659 1373 714 1456 qui
743 1393 800 1456 per
828 1373 967 1441 feminini
994 1393 1088 1441 serus
1114 1395 1264 1459 personas
1299 1364 1316 1416 ⁵

136 1495 345 1576 iungerentur
365 1495 445 1560 adeo
466 1494 639 1576 ignorabat,
663 1499 699 1560 ut
719 1512 777 1560 nec
793 1500 895 1560 mater
907 1492 970 1560 filio
992 1493 1115 1561 filiaeue
1136 1496 1265 1562 intesta·

137 1615 176 1678 tis
199 1614 334 1680 mortuis
357 1613 545 1687 succederet,
569 1632 669 1696 neque
690 1613 712 1678 ii
734 1611 776 1678 ad
799 1614 866 1679 eius
888 1620 1077 1680 uocarentur
1099 1615 1266 1682 successio

137 1749 219 1798 uem.
265 1738 315 1798 set
336 1738 463 1814 praetor
484 1733 609 1796 omnino
630 1739 775 1796 naturam
798 1731 908 1798 fouens
930 1751 967 1798 ex
989 1733 1099 1799 ordine
1120 1741 1265 1815 cognato·

138 1871 207 1918 rum
233 1852 273 1916 ad
295 1851 379 1916 ultro
402 1853 541 1934 citroque
563 1852 791 1918 successionem
820 1851 877 1917 hos
907 1853 1058 1932 uocabat;
1085 1853 1168 1918 unde
1197 1873 1265 1937 cog·

101 1985 120 2034 1.
137 1971 203 2036 nati
228 1971 455 2053 pussessionem
482 1970 544 2036 illis
571 1971 722 2036 tribuens.
770 1974 797 2034 l.
832 1971 900 2036 Hae
929 1978 1034 2036 autern
1061 1973 1138 2037 iuris
1168 1991 1265 2056 angu·
1284 1975 1316 2026 10

136 2092 218 2157 stiae
242 2099 352 2173 postea
374 2091 557 2156 emendatae
579 2098 667 2156 sunt:
696 2110 732 2156 ae
754 2091 887 2174 primum
912 2090 1004 2156 diuus
1028 2089 1178 2157 Claudius
1201 2111 1265 2158 ma·

136 2210 248 2300 trieri¹
268 2210 414 2276 solatium
442 2211 611 2278 liberorum
641 2204 836 2277 mortuoruin
864 2209 1034 2292 legitimam
1063 2212 1175 2278 detulit
1197 2231 1264 2277 suc·

97 2331 321 2398 acessionem.
377 2330 406 2394 2.
440 2329 555 2397 Postea
588 2350 664 2397 uero
697 2330 813 2396 laetum
847 2339 896 2396 est
928 2337 1056 2397 senatus
1089 2331 1263 2398 consultum

135 2449 379 2530 Tertullianum,
403 2449 565 2517 Hadriano
587 2449 742 2532 principe,
770 2450 829 2516 hac
851 2451 891 2516 de
912 2467 947 2517 re
968 2451 1089 2533 plenius
1112 2457 1262 2528 statuens,

134 2569 295 2650 matrique
317 2567 452 2633 filiorum
474 2567 673 2635 amissionem
703 2568 824 2650 lugenti
852 2569 1022 2652 legitimam
1052 2567 1167 2636 detulit
1195 2577 1315 2637 suc-15

134 2689 320 2763 cessionem,
343 2687 434 2754 auiae
456 2689 516 2754 hoe
537 2689 663 2754 minime
685 2689 867 2755 concedens.
911 2690 999 2755 iubet
1025 2689 1107 2755 enim
1129 2688 1158 2753 si
1180 2687 1263 2755 filius

134 2809 292 2874 moriatur
313 2815 444 2873 matrem
467 2805 656 2888 relinquens,
678 2809 704 2872 si
727 2807 852 2892 quidem
874 2808 1011 2890 ingenua
1036 2807 1079 2874 sit
1106 2807 1263 2889 triumque

133 2925 308 2994 liberorum
329 2928 379 2993 ius
402 2928 517 2996 babeat
532 2928 583 2994 nel
605 2928 750 2994 libertina
765 2935 924 3012 quattuor,
946 2946 1014 2994 eam
1037 2934 1186 3012 tanquam
1208 2927 1260 2992 ad·

133 3052 264 3126 gnatam
288 3047 329 3114 ad
350 3046 700 3114 mortuorumriliorum
722 3066 778 3116 seu
801 3047 901 3113 uirilis
924 3067 981 3114 seu
1007 3047 1146 3114 feminini
1169 3065 1261 3114 sexus

132 3165 313 3247 peruenire.
358 3172 559 3233 nectentem
581 3165 609 3232 si
631 3172 732 3233 mater
754 3167 803 3232 sui
825 3167 902 3232 iuris
925 3167 976 3247 sit,
998 3172 1047 3233 set
1063 3168 1157 3233 etiam
1180 3166 1207 3232 si
1229 3165 1261 3231 in
1279 3179 1314 3232 no

132 3284 237 3367 patris
260 3285 310 3350 sui
331 3289 487 3367 potestate
520 3285 632 3369 degat:
669 3286 715 3351 ita
748 3292 852 3353 tamen
885 3293 921 3352 ut
953 3285 1043 3353 iussu
1077 3283 1177 3368 patris
1211 3285 1260 3350 sui
