3164 5338
494 407 736 470 -361—

74 581 296 648 consentionem
314 601 384 646 esee
401 581 602 664 existimauit,
628 588 659 646 et
675 581 746 646 ideo
763 581 894 673 inritam
905 599 975 644 esse
987 580 1175 663 pactionem.

74 708 187 772 Seruius
219 727 295 772 uero
330 707 502 791 Sulpicius,
537 708 624 772 cuius
653 707 809 771 sententia
841 706 1032 789 praeualuit,
1067 711 1176 771 contra

73 833 162 914 sentit,
185 852 255 897 cum
269 851 366 915 saepe
380 831 575 913 quorundam
588 832 743 896 sociomm
756 831 800 896 ita
816 832 957 914 pretiosa
973 831 1014 895 sit
1030 851 1128 914 opera
1143 831 1176 895 iu

71 957 217 1039 societate,
241 963 276 1020 ut
299 957 415 1021 iustum
439 957 479 1021 sit
503 977 558 1022 eos
581 957 711 1021 meliore
728 956 913 1020 condicione
937 957 970 1020 in
991 955 1175 1020 societatem

71 1081 178 1146 admitti
205 1102 280 1145 nam
311 1088 342 1146 et
371 1082 417 1146 ita
447 1082 525 1146 coiri
552 1101 646 1165 posse
674 1081 811 1146 societas
839 1101 903 1145 non
931 1081 1106 1161 dubitatur,
1142 1085 1176 1144 ut
1213 1087 1229 1137 5

70 1207 139 1270 alter
159 1205 325 1290 pecuniam
349 1207 506 1288 conferat,
535 1207 615 1270 alter
638 1226 701 1270 non
725 1206 881 1287 conferat,
910 1211 1070 1270 ettamen
1094 1224 1176 1269 com-

67 1351 148 1394 mune
171 1331 212 1394 sit
239 1331 399 1394 intereos
428 1331 548 1395 lucrum
573 1330 758 1410 quaesitum.
805 1349 902 1413 saepe
931 1329 1014 1393 enim
1043 1329 1175 1393 alicuius

69 1455 135 1519 socii
166 1475 264 1538 opera
291 1476 348 1538 pro
376 1455 531 1538 pecuniae
568 1455 737 1519 collatione
768 1455 863 1519 ualet.
910 1460 941 1518 et
969 1453 1049 1518 adeo
1076 1453 1177 1516 ualuit

68 1579 158 1642 Seruii
178 1580 337 1644 sententia
353 1586 461 1644 contra
477 1579 626 1655 Quintum
642 1579 787 1660 Mucium,
812 1579 940 1643 utillud
963 1598 1086 1659 quoque
1103 1597 1175 1642 con-

67 1704 176 1785 stiterit,
201 1723 298 1786 posse
321 1704 424 1768 socios
448 1704 669 1768 conuenirent
693 1705 762 1785 quis
783 1703 863 1768 lucri
883 1709 1003 1787 partem
1019 1703 1110 1784 ferat,
1136 1701 1175 1766 de
1195 1706 1231 1759 10

67 1827 169 1892 damno
186 1835 293 1892 antem
309 1848 372 1892 non
384 1833 536 1893 teneatur.
572 1829 656 1910 quod
668 1829 713 1892 ito
729 1828 872 1910 intellegi
885 1833 1018 1911 oportet,
1039 1833 1073 1890 ut
1089 1827 1116 1891 si
1142 1827 1176 1892 in

65 1952 162 2032 aliqua
184 1959 278 2036 parte
302 1953 431 2034 lucrum,
457 1953 489 2016 in
513 1953 621 2034 aliqua
637 1953 784 2016 damnum
808 1953 939 2016 allatum
958 1951 1007 2034 sit,
1032 1971 1176 2034 compen-

65 2077 175 2141 satione
199 2077 297 2159 facta,
322 2078 422 2142 solum
447 2078 530 2158 quod
554 2084 699 2160 superest
714 2077 794 2142 lucri
811 2097 881 2141 esse
897 2077 1108 2159 intellegatur.
1142 2083 1177 2140 ut

65 2219 129 2264 ecce
159 2201 290 2282 qnidam
320 2202 547 2284 mancipiorum
580 2207 611 2266 et
641 2203 898 2266 uestimentomm
930 2201 1176 2283 negotiationem

64 2325 204 2390 inierant:
233 2326 267 2389 in
290 2325 504 2408 negotiatione
528 2326 626 2390 uestis
650 2325 798 2390 damnum
822 2325 846 2389 O
870 2345 1036 2389 aureorum
1059 2325 1230 2388 factum15

64 2455 112 2531 est,
136 2450 168 2514 in
184 2449 415 2533 mancipiorum
431 2470 508 2514 uero
521 2449 599 2515 000
615 2471 781 2516 aureorum
797 2451 917 2514 lucrum
934 2454 1096 2532 acceptum
1114 2455 1174 2514 est:

64 2572 220 2638 demuntur
252 2575 387 2658 primum
411 2582 534 2640 centum
567 2576 656 2639 aurei
690 2575 743 2656 qui
770 2575 803 2638 in
831 2575 945 2638 damno
976 2581 1048 2638 sunt
1075 2575 1117 2637 ad
1143 2573 1176 2638 id

62 2698 258 2763 reficiendum
283 2719 322 2763 ex
345 2700 432 2764 lucro
458 2699 535 2764 000
559 2719 740 2764 aureorum:
771 2699 822 2763 OC
845 2705 949 2764 autem
980 2699 1069 2762 aurei
1096 2698 1177 2762 inter

61 2822 156 2887 socios
173 2824 359 2888 diuiduntur
374 2823 545 2888 secundum
562 2844 601 2888 ea
620 2844 702 2906 qnae
719 2829 940 2889 conuenerant.
973 2824 1079 2904 itaque
1103 2822 1176 2887 inde

61 2953 140 3026 patet
163 2949 312 3029 quotiens
335 2949 368 3012 in
391 2949 503 3014 eadem
526 2969 561 3012 re
588 2950 708 3014 lucrum
732 2953 763 3013 et
787 2948 947 3030 damnum,
976 2947 1029 3012 uel
1056 2947 1176 3012 lucrum
1195 2949 1233 3001 20

59 3073 271 3138 tantummodo
300 3073 444 3138 societati
479 3074 658 3156 contigerit,
690 3073 768 3137 nihil
797 3073 949 3156 prodesse
982 3073 1068 3138 socio
1104 3091 1176 3136 con·

61 3196 247 3280 acutionem,
280 3217 319 3262 ex
351 3218 413 3278 qua
440 3198 520 3262 lucri
547 3197 582 3261 fit
604 3197 778 3281 particeps,
811 3218 923 3281 expers
953 3217 1029 3261 uero
1061 3196 1175 3260 damni.

61 3321 199 3397 quotiens
231 3329 337 3386 autem
369 3322 516 3386 damnum
547 3322 760 3386 tantummodo
793 3323 969 3404 contingat,
1001 3327 1074 3385 tunc
1105 3341 1178 3385 con-
