3370 5350
604 441 645 453 -
689 405 752 470 271-
795 442 842 458 —1

159 598 211 660 est
231 593 288 660 tibi
308 591 434 676 gradu?
456 592 521 658 dio:
547 594 657 660 tertio:
685 611 813 662 necesse
843 599 892 660 est
917 595 1002 664 onim
1032 600 1064 662 te
1090 595 1131 662 ad
1160 603 1281 679 patrona

165 717 350 782 adscendere
368 723 405 782 et
427 716 547 795 dicere,
575 735 625 782 me
653 719 762 798 genuit
791 725 1044 802 posea'patren
1075 725 1180 786 autern
1202 736 1282 785 auus

165 854 199 901 en
222 836 301 902 duas
323 835 553 918 generationes:
581 837 663 902 idem
691 855 771 903 auus
791 845 937 919 patruum
960 841 1069 920 genuit
1098 857 1216 906 meum:
1244 857 1282 903 en

162 965 224 1023 tres
245 957 464 1038 generationes
486 963 551 1022 tres
573 957 690 1038 gradus
713 955 925 1039 perficientes,
956 960 1002 1024 ita
1028 965 1064 1024 ut
1091 959 1186 1025 tertio
1209 957 1284 1024 mihi

163 1078 260 1162 gradu
281 1081 412 1158 patruus
435 1077 484 1141 sit
529 1077 574 1143 sic
596 1083 628 1142 ec
650 1077 794 1160 deinceps
817 1078 917 1144 eidem
939 1078 1066 1161 regulae
1088 1077 1283 1144 animaduer·
1318 1082 1334 1133 ⁶
1458 1105 1459 1109 ¹

164 1204 239 1274 tens,
262 1196 380 1278 gradus
402 1195 545 1262 inuenire
566 1197 692 1280 poteris.
738 1197 817 1264 Cum
839 1197 917 1264 haec
943 1197 1002 1264 tibi
1024 1205 1189 1279 perspecta
1211 1197 1283 1278 sint,

164 1317 280 1382 uidesis
304 1335 385 1399 quae
407 1321 564 1384 secuntur.
609 1317 636 1382 si
658 1319 728 1400 quis
751 1324 893 1384 mortuus
921 1317 1019 1384 fuerit
1045 1318 1165 1384 nullutn
1192 1335 1285 1384 snum

164 1437 309 1503 heredem
331 1437 520 1518 reinonem,
543 1455 645 1520 neque
667 1437 723 1519 qui
752 1455 879 1502 suornm
908 1438 1018 1502 ordine
1046 1441 1211 1502 censeatur
1233 1433 1285 1502 nel

164 1577 182 1622 a
208 1565 369 1638 praetore,
400 1557 498 1622 ueluti
527 1558 771 1639 emancipatum,
800 1556 853 1622 nel
881 1576 900 1623 a
924 1556 1209 1636 constitutionibus,
1230 1574 1286 1621 ne·

163 1677 218 1742 iuti
238 1677 397 1760 praefatos
420 1683 557 1758 nepotes,
581 1677 641 1756 uel,
665 1675 816 1742 eiusmodi
838 1695 989 1759 personae
1004 1682 1145 1742 extantes
1160 1694 1285 1758 quoquo
1306 1685 1337 1737 10

164 1797 252 1862 modo
267 1797 473 1862 hereditatem
490 1815 551 1862 uon
567 1795 711 1869 adierint,
733 1803 800 1861 tum
815 1796 865 1861 lex
879 1793 941 1862 XII
956 1795 1133 1860 tabularum
1148 1795 1285 1862 secundo

125 1935 148 1984 a.
165 1917 271 1982 ordine
294 1914 468 1998 proximum
491 1917 660 1997 adgnatum
691 1921 784 1980 uocat
812 1915 853 1980 ad
881 1914 1098 1980 hereditatem.
1145 1917 1174 1978 1.
1205 1911 1287 1980 Sunt

164 2042 267 2113 autern
291 2035 435 2118 adgnati,
458 2042 494 2102 nt
514 2037 547 2102 in
575 2037 677 2118 prima
704 2055 829 2119 quoque
858 2033 1060 2100 Institutione
1088 2034 1286 2110 tradidimus,

161 2157 287 2238 cognati
298 2175 354 2238 per
367 2156 468 2221 uirilis
484 2175 576 2222 serus
587 2175 736 2238 personas
748 2156 902 2222 coniuncti
915 2156 1036 2235 quasia
1047 2160 1137 2236 patre
1148 2151 1286 2235 cognati.

158 2277 268 2359 itaque
292 2275 400 2342 eodem
420 2282 512 2357 patre
534 2274 647 2341 iratres
662 2275 729 2340 noti
744 2273 873 2356 adgnati
896 2273 955 2339 sibi
976 2273 1112 2339 inuicem
1134 2279 1217 2352 sunt,
1240 2279 1288 2340 at-
1308 2291 1339 2342 15

157 2415 221 2478 qne
242 2395 343 2462 latine
365 2395 587 2476 consanguinei
610 2395 743 2461 audiunt
758 2395 882 2479 (graece
897 2412 973 2460 uero
989 2393 1141 2479 ὅμαιμοι);
1164 2411 1221 2458 neo
1243 2392 1289 2458 di·
1325 2445 1328 2451 .

161 2515 353 2598 stingnimns
377 2523 481 2582 utrum
504 2535 542 2582 ex
569 2517 677 2582 eadem
706 2523 806 2582 matre
834 2533 874 2580 an
902 2534 940 2581 ex
969 2513 1104 2579 diuersis
1135 2511 1288 2578 matribus

157 2635 233 2702 sint.
281 2643 314 2704 et
335 2642 469 2718 panon
491 2655 579 2704 meus
601 2635 678 2702 mihi
698 2637 856 2718 adgnatus
877 2640 926 2700 est
953 2639 987 2700 et
1008 2651 1066 2716 ego
1095 2630 1150 2698 illi.
1195 2637 1229 2698 et
1250 2649 1289 2698 ex

165 2757 289 2827 duobus
311 2755 464 2824 iratribus
486 2756 586 2822 uirilis
608 2774 701 2822 sexus
728 2755 796 2822 nati
826 2754 1026 2838 adgnationis
1053 2753 1126 2821 iura
1152 2751 1289 2818 inuicem

157 2875 297 2954 'huma
334 2884 365 2942 et
393 2877 547 2942 dicuntur
577 2875 728 2941 fratres
756 2875 978 2958 patrueles,
1017 2873 1149 2940 abusine
1182 2877 1341 2937 automno

157 2997 409 3062 consobrini.
444 2995 670 3062 consobrini
692 2993 775 3060 enirn
795 2995 818 3059 ii
840 2993 1036 3076 potissimum
1059 2998 1213 3060 uocantur
1234 2991 1289 3074 qni

157 3135 200 3182 ex
221 3115 348 3182 duabus
370 3115 529 3182 sororibus
550 3115 617 3182 nati
639 3119 722 3194 sunt,
744 3113 835 3198 qnasi
860 3110 1174 3182 ›consororini‹
1221 3107 1289 3176 Hac
