3370 5350
586 418 820 484 -ibl-

149 603 274 670 lentate.
329 604 355 670 si
394 604 477 672 cuim
515 622 576 672 non
614 604 782 687 contigerit
819 605 985 688 ingenuam
1021 607 1153 672 matrem
1188 611 1262 689 bes,

148 722 320 790 libertinam
358 723 417 790 llll
457 743 568 806 parere
607 723 700 804 filios,
738 725 891 791 immerito
929 724 1174 792 defraudabatur
1211 713 1262 792 de·

147 840 241 908 iuncti
263 843 472 918 successione3
496 841 573 926 quid
594 845 676 909 euim
699 862 827 926 pecasse
842 843 1031 912 credendum
1055 849 1112 922 est,
1134 841 1195 910 nisi
1217 841 1264 910 ΠΙ

147 955 255 1026 lIIIue
288 961 458 1044 pepererit3
492 981 548 1044 per
582 979 660 1042 quos
687 961 826 1044 legitimo
856 963 925 1030 iure
953 961 1119 1030 succedere
1147 969 1262 1046 posset,

110 1087 132 1138 o.
149 1085 268 1145 mutum
290 1098 365 1146 uero
388 1098 458 1146 eum
481 1099 600 1161 eamne,
623 1081 676 1163 qui
699 1098 820 1161 quaeue
849 1079 1040 1148 decesserit?
1083 1083 1112 1146 5.
1145 1080 1262 1146 Eorum
1297 1093 1314 1145 n

147 1204 247 1264 autern
269 1199 323 1280 qui
344 1217 443 1281 nuper
464 1199 620 1281 principes
642 1200 768 1266 fuerunt
795 1198 1032 1266 constitutiones
1061 1199 1264 1266 successionis

146 1315 302 1397 legitimae
317 1319 385 1383 iura
400 1323 642 1400 perscrutantes,
658 1317 772 1401 partim
787 1326 918 1384 matrem
933 1317 1134 1396 adiuuabant,
1148 1316 1263 1400 partim

146 1453 210 1502 eam
233 1438 503 1519 praegrauabant,
532 1455 593 1503 non
616 1437 648 1502 in
678 1437 813 1503 solidum
842 1437 902 1518 ipsi
929 1435 1063 1503 liliorum
1089 1437 1263 1502 attribuens

146 1555 380 1622 successionem.
424 1565 474 1622 set
494 1558 525 1622 in
549 1557 735 1638 quibusdam
758 1555 898 1636 casibus,
928 1555 1028 1622 ueluti
1055 1571 1126 1622 cum
1153 1555 1264 1622 libero-

145 1675 285 1739 numius
312 1695 372 1740 non
396 1675 535 1752 haberet,
558 1675 587 1740 ei
609 1675 734 1741 tertiam
758 1674 975 1740 abstrahentes
1003 1679 1138 1758 purtem,
1168 1657 1263 1740 certis
1283 1685 1314 1738 ro

147 1793 261 1859 dabant
282 1781 440 1877 personis}
463 1793 602 1876 legitimo
617 1803 722 1860 antem
737 1795 804 1860 iure
819 1800 994 1861 carenteme
1009 1811 1160 1860 conuerso
1174 1800 1264 1876 parte

146 1919 228 1979 certa
250 1913 435 1980 solabantur
456 1915 648 1980 hereditatis.
693 1921 729 1980 ut
751 1933 826 1980 uero
856 1913 970 1980 clarius
1000 1918 1152 1996 appareat
1180 1912 1262 1993 quod

145 2049 240 2114 nuper
278 2034 496 2114 exposuimus,
535 2053 591 2115 per
626 2033 799 2115 exemplum
835 2033 939 2098 dicere
956 2029 958 2036 '
973 2050 1102 2099 necesse
1128 2037 1187 2097 est
1235 2031 1264 2098 si

145 2167 232 2230 quem
256 2155 336 2217 mori
359 2154 542 2236 contigisset
564 2161 694 2219 matrem
710 2154 878 2220 habentem
898 2153 1066 2220 liberorum
1082 2153 1151 2220 iura
1174 2153 1264 2218 deeo-

145 2276 242 2335 ratam
266 2279 475 2354 patruumque
498 2271 550 2337 uel
570 2273 673 2355 patrui
688 2271 795 2352 lilium,
810 2274 931 2338 bessem
945 2271 1070 2353 quidem
1085 2277 1194 2351 mater,
1209 2287 1264 2353 pa·
1283 2284 1314 2336 rs

146 2393 231 2454 truus
267 2397 373 2456 autem
407 2393 551 2473 patruiue
589 2391 672 2458 lilius
709 2394 854 2458 trientem
899 2393 1061 2475 capiebat:
1101 2392 1148 2457 sin
1186 2410 1262 2456 nero
1295 2447 1296 2457 ,

146 2526 337 2574 econuerso
365 2508 416 2574 ius
439 2528 500 2576 nou
530 2510 691 2577 habuisset
711 2511 880 2578 liberorum
907 2517 1024 2587 mater,
1053 2517 1184 2594 patruus
1210 2529 1263 2594 pe-

146 2627 246 2694 truine
270 2625 355 2722 filius
378 2629 509 2709 bessem,
533 2636 633 2696 mater
652 2636 758 2697 autem
780 2631 927 2698 trientem
950 2629 1102 2711 capiebat.
1135 2630 1262 2697 sanctis-

145 2749 238 2818 aimus
274 2760 380 2818 autem
413 2753 557 2834 princeps
593 2758 699 2820 noster
727 2759 814 2818 recta
841 2758 873 2816 et
904 2748 1037 2832 simphci
1058 2749 1111 2814 nia
1131 2755 1261 2814 matrem

146 2872 287 2937 omnibus
308 2869 456 2952 legitimis
478 2873 655 2954 anteposuit
677 2873 826 2952 personis,
848 2871 1040 2936 immiumnm
1055 2869 1115 2950 ipsi
1129 2866 1260 2934 liliorum
1279 2893 1314 2948 20

146 2996 338 3056 mortuorum
366 2991 591 3056 successionem
626 2989 784 3070 deierans,
812 2993 940 3071 excepto
967 2988 1064 3055 tratre
1092 2991 1124 3053 et
1145 2998 1260 3063 sorore,

145 3110 210 3177 siue
232 3109 456 3192 consanguinei
484 3110 620 3178 defuncti
650 3113 713 3176 sint
741 3111 808 3176 sine
830 3109 897 3175 sola
919 3127 993 3191 erga
1015 3126 1084 3174 enm
1107 3105 1260 3190 cognatio·

145 3229 190 3294 nis
212 3230 352 3304 habeant
373 3228 454 3295 iure.
498 3228 684 3296 sicutenim
713 3228 826 3294 ceteris
855 3227 1003 3310 legitimis
1031 3225 1172 3309 personis
1194 3245 1260 3291 eam

146 3345 322 3431 Imperator
343 3349 529 3431 anteposuit,
552 3350 597 3413 rte
619 3361 741 3412 omnem
763 3346 891 3412 fratrem
911 3353 1093 3427 omnemque
1115 3361 1261 3422 sororem,

147 3468 203 3534 atsi
224 3467 359 3550 legitimi
382 3487 442 3533 uon
465 3467 537 3546 sint,
561 3467 652 3533 simul
675 3485 744 3534 cum
767 3486 805 3534 ea
831 3467 872 3532 ad
900 3449 1105 3534 hereditatem
1127 3465 1252 3532 uocauit
1279 3480 1315 3533 ao

146 3587 188 3652 ita
209 3595 315 3654 umen
337 3595 374 3652 ut
395 3588 421 3652 si
443 3587 571 3668 quidem-
597 3587 682 3653 solae
709 3605 832 3652 sorores
861 3586 940 3665 sint,
971 3585 1038 3650 eiua
1065 3583 1261 3666 adgnatlonis

147 3705 211 3772 siue
234 3705 430 3788 cognationis
451 3705 604 3772 habentes
627 3705 705 3785 iura,
729 3709 761 3770 et
782 3709 883 3772 mater
905 3702 1043 3771 defuncti
1065 3704 1116 3771 nel
1138 3703 1262 3770 deiunc-
