3328 5318
885 395 1124 456 -441—

443 565 552 654 ἑτέρας
575 567 714 652 ἐκίνησεν
737 565 876 655 άμωμήν.
924 567 1001 631 δέον
1030 565 1092 654 γὰρ
1120 575 1246 653 κινησαι
1274 564 1367 651 τήνῙ)
1396 587 1436 631 ex
1463 573 1558 631 testa·

443 680 547 739 mento
575 671 696 758 ἐκίνησε
729 670 816 759 τηνῗ)
852 695 891 740 ex
923 675 1088 758 stipulatu,
1125 671 1143 758 ἢ
1169 674 1223 738 καὶ
1250 672 1284 738 ἐκ
1311 681 1370 739 τοῦ
1397 672 1557 737 ἐναντίου.

444 784 496 847 36.
513 776 603 845 Ἔστι
625 780 678 843 καί
701 777 810 865 ἄλλη3)
833 789 899 845 τῶν
921 779 1058 859 άγωμῶν
1085 779 1248 867 διαίρεσις.
1294 781 1354 844 εἰσὶ
1381 779 1443 867 γάρ
1471 791 1596 854 τινες36.

443 885 579 970 α’γωμαὶ,
603 885 647 949 δι’
663 883 707 951 ὧν
723 884 781 968 οὐχ
797 881 875 952 ὅλον
889 884 926 952 τό
949 884 1206 972 ἐποφειίόμενον
1229 883 1451 969 λαμβάνομεν,
1474 883 1556 950 οίίίά

410 993 526 1057 ὅποτὲ
553 992 611 1074 μὲν
639 991 833 1080 ὁλόκληρον,
860 993 941 1057 ποτὲ
970 993 1007 1056 δέ
1033 991 1143 1077 ἦττον.
1190 992 1261 1057 οίον
1288 990 1347 1056 ε’διν
1374 993 1452 1056 κινῶ
1477 990 1559 1055 κατά

446 1118 503 1163 σου
525 1097 583 1185 την
612 1100 650 1164 de
677 1101 801 1183 peculio
830 1103 921 1164 ἕνεκα
948 1108 1004 1164 τοῐ
1034 1109 1092 1164 σοῦ
1121 1097 1192 1164 υίοῖι
1219 1097 1238 1186 ἢ
1264 1101 1324 1164 τοῦ
1351 1097 1409 1163 συῦ
1438 1101 1559 1162 οἰκέτου

444 1206 519 1290 περὶ
543 1204 622 1269 δέκα
641 1203 859 1289 νομισμάτων.
892 1208 920 1269 εί
941 1208 1000 1289 μέν
1023 1203 1083 1291 γάρ
1107 1203 1248 1291 εὔπορόν
1271 1205 1340 1270 ἐστι
1357 1202 1394 1270 τό
1411 1206 1555 1289 μοοίιὶίου

444 1310 595 1398 λήψομαι
617 1309 659 1376 τοὶ
682 1317 694 1372 ι
715 1318 911 1395 νομίσματα·
936 1315 963 1376 εί
986 1312 1023 1376 δέ
1046 1310 1122 1388 ἄξιοί
1145 1311 1212 1376 ἐστι
1236 1310 1276 1376 τά
1301 1312 1336 1376 ἒν
1359 1314 1405 1400 τῷ
1424 1313 1554 1398 μεσιδίῳ

445 1416 626 1505 πράγματα
653 1422 751 1482 πέντε
776 1418 999 1502 νομισμάτων,
1026 1422 1070 1492 εἰς
1098 1417 1176 1483 τοὶέ
1205 1419 1289 1501 μόνα
1313 1418 1333 1482 ό
1356 1416 1466 1503 πατήρ
1495 1415 1517 1502 ἤ
1539 1416 1557 1481 ό

394 1539 428 1590 10
447 1523 607 1610 δεσπότης
629 1524 886 1601 καταδικάζεται.
931 1531 1005 1590 τίνα
1033 1524 1070 1588 δὲ
1099 1523 1222 1612 τρόπον
1244 1530 1396 1589 νοεῖσθαι
1429 1523 1489 1609 χρη
1522 1523 1556 1589 τό

445 1632 590 1716 ρθοίὶίοιι
612 1631 779 1715 προϊόντες
806 1631 1040 1717 μαθησόμεθα.
1088 1637 1138 1700 37.
1156 1629 1246 1696 Ἔστι
1275 1630 1312 1695 δὲ
1340 1629 1427 1716 πρδς
1456 1641 1492 1720 τῇ
1519 1633 1594 1696 (1637.

446 1739 568 1822 peculio
591 1739 645 1801 καὶ
668 1737 759 1824 ἑτέρα
781 1735 891 1824 α’γωμη
915 1735 953 1803 οὗ
975 1736 1109 1813 πάντως
1124 1741 1167 1813 εἰς
1188 1737 1365 1823 δίόκίηρον
1381 1738 1554 1822 ποιουμένη

446 1842 504 1930 την
526 1845 711 1929 καταδίκην.
750 1842 808 1918 ἐάν
829 1843 889 1930 γάρ
907 1842 971 1922 έγοδ
987 1842 1190 1928 ὑποδέξομαι
1211 1845 1363 1931 προϊκαί)
1388 1842 1481 1930 παρά
1501 1843 1553 1929 τῆς

447 1950 587 2034 ἐμαυτοῦ
602 1949 752 2035 γαμετῆς,
767 1954 835 2015 εἶτα
852 1949 968 2026 συστάς
984 1949 1004 2017 ό
1017 1949 1119 2035 γάμος
1135 1949 1214 2034 μετά
1230 1953 1334 2016 ταῦτα
1345 1950 1552 2036 διαλυθείηῧ),

396 2069 428 2120 15
446 2065 580 2120 κινοῦσα
602 2059 673 2120 κατ’
688 2057 766 2139 ἐμοῦ
782 2055 842 2141 τήν
857 2078 898 2123 ex
913 2059 1063 2142 stipulatu
1079 2059 1136 2121 ἐπὶ
1152 2053 1324 2142 άπαιτήσει
1339 2060 1397 2142 τῆς
1413 2056 1552 2141 προικὸς,

448 2161 488 2226 οδ
508 2160 640 2237 πάντως
667 2161 805 2250 ίιὴψεται
831 2161 869 2228 τό
898 2161 1089 2251 ὁλόκληρον,
1116 2162 1188 2228 ἀλλ’
1212 2166 1256 2238 είς
1285 2161 1366 2228 ὅσον
1393 2164 1516 2250 ἐξαρκεῖ
1535 2164 1552 2248 ι)

447 2269 505 2354 ἕμο)
533 2271 709 2355 περιουσία.
759 2271 811 2334 καὶ
838 2273 865 2334 εί
892 2271 950 2352 μὲν
979 2270 1139 2356 συντρέχει
1161 2269 1182 2355 ἡ
1204 2269 1347 2356 ποσότης
1374 2273 1444 2334 τῶν
1470 2269 1551 2353 ἐμάν

447 2373 652 2462 πραγμάτων
674 2377 711 2464 τη
734 2376 891 2462 ποσότητι
919 2386 975 2461 τῆς
1003 2375 1151 2463 προικός,
1179 2375 1328 2463 ἦγυνηθ)
1357 2376 1496 2462 λήψεται
1516 2375 1547 2442 τό

448 2479 634 2568 ὁλόκληρον.
680 2485 707 2545 εί
731 2481 767 2545 δὲ
790 2481 907 2546 ἑκατόν
934 2482 1141 2564 νομισμάτων
1169 2480 1264 2568 οὔσης
1293 2485 1351 2567 τῆς
1380 2481 1547 2568 προικός),

396 2600 430 2652 20
446 2587 498 2674 ἠδ)
525 2586 650 2671 οὖσία9)
681 2591 725 2663 είς
748 2589 949 2676 πεντίμιοντα
974 2595 1140 2664 συντείνει,
1167 2591 1211 2664 είς
1234 2589 1437 2675 πεντήκοντα
1461 2614 1550 2652 κατα-

449 2692 691 2779 δικασθήσομαι
715 2693 769 2759 διά
793 2694 832 2759 τό
855 2698 899 2770 είς
907 2696 942 2778 10)
968 2697 1125 2760 τοσοῦτον
1147 2695 1308 2780 εὐπορεῖν.
1348 2696 1423 2759 ἐσθ’
1438 2693 1489 2759 ὅτε
1503 2698 1550 2758 καί

447 2799 590 2885 εὐπόρου
612 2798 706 2876 όντος
729 2804 770 2865 οὔ
792 2800 925 2876 πάντως
941 2801 959 2888 ἡ
975 2801 1033 2888 έμι)
1047 2801 1125 2887 γυνή
1147 2800 1260 2866 πᾶσαν
1275 2801 1415 2888 λήψεται
1438 2814 1548 2885 προῖκα

450 2905 505 2972 διά
535 2906 593 2994 την
622 2905 840 2993 ἀντικειμένην
869 2907 949 2997 αὕτη
977 2916 1169 2984 retentiona,
1203 2906 1274 2993 ἥτις
1302 2907 1363 2993 τὴν
1391 2908 1548 2992 ποσότητα

449 3025 534 3097 μειοῖ
554 3012 608 3100 της
631 3013 775 3097 προικός.
821 3019 848 3080 εἰ
871 3013 932 3102 γὰρ
956 3013 1101 3104 ἐπιδοθῇ
1124 3039 1180 3098 μοι
1195 3014 1376 3102 πράγματα
1399 3016 1434 3078 εἰι
1451 3014 1548 3100 προικὶ

397 3133 430 3183 25
449 3123 493 3195 εἰς
522 3121 607 3200 χίλια
639 3123 822 3204 νομίσματα
850 3127 1070 3198 συντείνοντα,
1099 3119 1282 3206 δαπανήσω
1312 3122 1349 3184 δὲ
1377 3123 1448 3207 περὶ
1473 3117 1549 3182 αὐτὰ

449 3224 563 3291 ἑκατόν
584 3232 777 3310 νομίσματα,
802 3227 1015 3301 διαλυθέντος
1032 3229 1069 3291 δὲ
1084 3237 1143 3292 τοῦ
1159 3227 1264 3310 γάμου
1280 3225 1469 3310 άπαιτῶμοι
1488 3235 1546 3288 τῶν

450 3337 561 3413 χιλίων
583 3333 791 3416 νομισμάτων
813 3331 873 3419 τήν
896 3332 1077 3420 ποσότητα,
1105 3333 1250 3416 δύναμαι
1277 3332 1478 3398 άντιτιθέναι
1501 3332 1547 3394 καὶ

450 3440 567 3518 λέγειν,
601 3437 711 3525 ὅτιπερ
745 3438 860 3505 ἑκατόν
893 3440 1127 3525 έδαπάνησαῑῑ)
1161 3446 1344 3524 νομίσματα
1377 3441 1450 3526 περὶ
1481 3435 1545 3510 τοὺς

450 3543 568 3632 ἄγροδς
590 3545 611 3630 ἦ
634 3545 693 3620 τάς
716 3549 818 3621 οἰκίας
840 3545 905 3622 τάς
921 3547 1006 3634 λόγῳ
1030 3545 1165 3630 προικός
1192 3547 1462 3630 3n0603s56a912).
1503 3543 1547 3605 καὶ

399 3662 433 3714 80
451 3649 564 3736 έπειδή
595 3655 662 3737 ipso
691 3653 758 3719 iure
769 3655 805 3737 13)
835 3651 870 3717 αἳ
896 3662 1043 3719 τοιαῦται
1071 3651 1223 3718 δαπάναι
1248 3651 1309 3738 τήν
1337 3665 1449 3737 τροῖκα
1474 3649 1545 3714 άπι-

542 3793 562 3861 1)
582 3793 607 3846 d.
626 3794 656 3847 F.
764 3795 785 3864 2)
805 3795 848 3849 ad.
868 3810 901 3848 ex
920 3795 964 3848 Vi.
983 3796 1017 3849 R.
1124 3795 1146 3862 3)
1165 3793 1268 3850 τούτων
1287 3793 1330 3848 ad.
1349 3795 1394 3848 L2.
1472 3792 1491 3859 4)
1508 3811 1545 3859 πρ.

453 3880 497 3935 όπ.
517 3881 562 3934 Vi.
581 3882 611 3934 F.
629 3882 663 3936 R.
747 3884 769 3952 ⁵)
788 3882 835 3937 M.:
855 3887 907 3940 cet.
926 3887 1005 3955 -θῇ,
1090 3883 1113 3952 6)
1133 3882 1218 3954 ἤμουν
1235 3883 1278 3936 L2.
1364 3884 1387 3950 7)
1407 3881 1546 3953 περιουσίας

452 3969 495 4023 Lss.
603 3970 625 4036 8)
645 3970 670 4024 d.
689 3970 719 4028 F.
826 3970 848 4040 ⁹)
868 3975 1011 4043 περιουσία
1030 3972 1074 4025 Vi.
1093 3972 1126 4025 R.
1237 3971 1271 4038 10)
1292 3971 1317 4024 d.
1336 3972 1380 4026 L2.
1483 3968 1513 4033 ¹¹)
1528 3987 1546 4018 ›¹-

453 4059 532 4112 ἔδαπ.
552 4059 596 4112 Vi.
615 4059 644 4112 F.
664 4059 697 4112 R.
806 4061 839 4126 12)
858 4083 906 4132 μοι
923 4058 967 4141 κά.
986 4060 1030 4113 Vi.
1049 4060 1079 4114 F.
1099 4061 1132 4116 R.
1241 4061 1275 4127 13)
1295 4059 1381 4130 ἤγουν
1401 4061 1453 4127 [καὶ
1470 4056 1500 4110 Μ.
1511 4054 1545 4107 Ιό.

452 4146 495 4199 11².
513 4146 566 4216 L⁶.]
587 4145 661 4218 αὐτῷ
680 4151 716 4219 τῴ
736 4147 811 4219 νόμῳ
830 4150 880 4202 ins.
899 4149 961 4204 libri
980 4147 1023 4202 ed.
