3154 5338
774 407 815 418 —
860 371 1005 435 320-

338 556 415 644 τέρᾳ
436 554 640 634 Ιυείίίαλίοοὶ,
665 556 732 620 sine
748 557 862 621 tutoris
879 557 1072 623 auctoritate
1087 557 1311 642 δανεισάμενος
1327 554 1363 620 οὐ
1379 577 1439 641 κρα-

332 662 444 738 τεῖται,
476 659 545 722 ἀλλ’
568 659 638 724 οὐδ’
667 659 721 724 ἐὰν
743 661 906 732 ἰαάὀλιίίου
930 662 1015 750 αὐτῷ
1038 663 1205 745 καταβάλω
1225 662 1269 747 μὴ
1298 654 1441 744 παρόντος

332 766 387 825 τοῦ
411 763 576 846 ἐπιτρόπου
600 761 706 851 ἔνυγον
729 765 821 827 αὐτὸν
850 769 968 849 κτῶμιιι
997 768 1043 851 τῷ
1067 764 1221 850 indebitcp
1245 761 1439 846 condicticiqo.

336 866 391 928 Καὶ
414 865 446 928 ἐν
467 865 587 942 τούτοις
606 866 663 948 μὲν
686 867 705 952 η
727 867 883 941 κοινωνία,
914 867 948 930 ἐν
976 867 1082 953 ἐκείνῳ
1106 867 1141 930 δέ
1164 869 1183 953 η
1206 866 1345 952 διαφορὰ
1367 866 1442 929 ότιό

299 968 389 1052 ομὲν
411 967 570 1043 δανειακὸς
593 969 798 1034 condicticios
820 971 880 1032 ἀπὸ
904 971 1159 1054 συναλλάγματος
1182 968 1376 1033 συνίσταται·
1398 967 1443 1030 δα·

335 1070 425 1145 νείζοι
454 1073 514 1157 γάρ
541 1096 588 1136 σοι
619 1072 666 1135 ἐπὶ
696 1076 739 1159 τηῖ
767 1073 940 1161 κτήσασθαί
968 1098 1004 1136 σε
1032 1073 1148 1163 ἔνοχον.
1193 1076 1211 1137 ό
1235 1073 1270 1137 δὲ
1291 1069 1443 1136 ἱυτλὲλιὶλοε

333 1173 537 1238 condicticios
560 1175 614 1238 οὐκ
637 1173 700 1264 ἔχει
723 1175 756 1239 ἐν
779 1177 883 1263 ἐαυτῷ
905 1179 1111 1261 συνάλλαγμα,
1145 1182 1209 1251 πῶς
1231 1177 1292 1261 γὰρ
1316 1175 1384 1256 ἄνῐ)
1407 1196 1443 1248 τις

332 1275 486 1358 καλέσοιί)
518 1279 729 1362 συνάλλαγμα,
761 1278 856 1343 ὁπότε
884 1281 1153 1365 εὐγνωμονοῡντος
1180 1281 1229 1344 καί
1255 1277 1444 1363 βουλομένου
1536 1339 1537 1350 ,

333 1380 475 1444 διαλύσαι
498 1379 607 1468 ἐναγὴν
627 1381 878 1470 ὑποπτευομένην
902 1382 1045 1461 ποιοῦμαι
1063 1385 1116 1470 τὴν
1130 1383 1316 1469 καταβολὴν,
1334 1381 1389 1444 οὐκ
1403 1378 1445 1441 ἐπὶ
1536 1395 1537 1454 g

283 1500 315 1550 10
333 1486 377 1569 τῷ
400 1484 591 1570 συστησαιδ)
629 1486 656 1548 2.
678 1481 752 1548 Ὑπδ
774 1487 829 1571 τὴν
851 1507 893 1549 re
915 1484 1332 1574 ἐνογην4)ἀνιίγεταικαίτά
1355 1494 1479 1547 com-2.
1536 1539 1537 1542 ,

333 1586 567 1670 ιαοᾶέιίοαὸ).
613 1587 666 1650 ἐὰν
696 1588 756 1674 γὰρ
784 1589 893 1676 αἷτηση
920 1589 961 1672 μέ
991 1610 1034 1663 τις
1056 1594 1173 1676 χρῆσαι
1202 1589 1287 1674 αὐτῷ
1316 1588 1350 1650 τὸ
1380 1585 1447 1669 ἐμὸν
1536 1613 1537 1618 “

331 1688 454 1771 βιβλίον
479 1693 525 1755 καὶ
542 1693 670 1779 χρηστα,
699 1691 766 1757 λδοῦ
791 1694 824 1755 τὸ
849 1693 964 1776 φάττον
989 1690 1249 1778 παρηκολούθησε
1271 1691 1320 1753 καὶ
1342 1692 1396 1776 τὴν
1417 1707 1448 1751 re

333 1792 436 1858 ἔτεκεν
458 1794 567 1883 ἑνογὴν
594 1797 642 1859 καὶ
665 1797 772 1882 ἀγωγι)
796 1795 925 1859 τίκτεται
948 1798 967 1883 η
991 1794 1192 1860 commodati.
1203 1795 1228 1876 6)
1275 1791 1395 1855 Πολλοῦ
1417 1789 1448 1852 δὲ

333 1896 490 1984 ἀφέστηκε
505 1901 560 1962 τοῦ
577 1898 782 1984 δανείσματος
798 1900 831 1961 τὸ
847 1897 1068 1963 υοιαιποάῶλοα
1080 1919 1087 1934 ·
1101 1900 1137 1962 τὸ
1150 1898 1208 1982 μὲν
1225 1897 1285 1982 γὰρ
1300 1895 1448 1976 δάνεισμα

1536 1997 1537 2034 λ

285 2022 315 2074 15
332 1999 517 2087 μετατίθησι
536 1999 728 2080 δεσποτείαν,
748 2003 783 2066 τὸ
799 2001 836 2066 δὲ
851 2000 1073 2067 οοωιοοᾶόλου
1090 2003 1127 2065 οὐ
1141 1999 1324 2086 μετατίθησι
1338 1998 1390 2062 καὶ
1403 1995 1449 2059 διὰ
1536 2063 1537 2096 η

333 2105 422 2166 τοῦτο
437 2105 473 2189 τῇ
486 2107 539 2166 τοῦ
554 2105 764 2188 πράγματοςί)
782 2106 1031 2170 ἀποκαταστάσει
1044 2109 1199 2192 κρατεῖται
1215 2105 1449 2192 δχρησάμενος.

332 2205 411 2270 Ἐστι
433 2207 469 2269 δὲ
490 2209 539 2271 καὶ
560 2208 653 2294 ἑτέρα
677 2208 828 2295 διαφορὰ·
852 2210 945 2295 ὁγὰρ
967 2211 1199 2293 δανεισάμενος,
1226 2209 1254 2270 εί
1275 2207 1325 2270 καὶ
1347 2203 1451 2291 οίᾳδη-

334 2332 409 2374 ποτε
425 2313 544 2398 τυγηρᾷ
560 2314 735 2398 περιστάσει
751 2311 895 2375 ἀπολέσει
913 2313 949 2376 τὰ
965 2310 1178 2390 δανεισθέντα,
1195 2310 1259 2373 οἷον
1275 2307 1451 2394 ἐμπρησμῷ

333 2413 352 2500 ἢ
375 2416 550 2496 συμπτῶσει
573 2412 592 2501 ἢ
614 2413 752 2500 ναυαγίῳ
775 2412 794 2500 ἢ
817 2415 969 2500 ληστῶνθ)
994 2413 1013 2500 ί)
1040 2413 1194 2498 πολεμίων
1217 2411 1382 2498 ἐπιδρομῇ,
1406 2409 1452 2472 οὐ·

281 2534 315 2585 20
332 2517 416 2599 (W)
432 2518 523 2604 ἧττον
539 2515 647 2605 ένογυς
660 2518 759 2603 μένει·
784 2519 801 2581 ό
822 2517 859 2580 δὲ
877 2519 1078 2606 χρησάμενος
1099 2517 1252 2600 ἐπιμελῶς
1264 2515 1322 2599 μὲν
1339 2514 1452 2599 φυλάτ-

333 2644 393 2684 τειν
402 2623 438 2703 ¹⁰)
462 2623 496 2684 τι)
512 2618 737 2685 commodz'tton
747 2621 784 2701 ¹⁰)
802 2621 970 2683 ἀπαιτεῐτιιι
986 2623 1034 2683 καί
1051 2620 1104 2683 οὐκ
1121 2621 1213 2704 ἀρκεῖ
1225 2617 1378 2705 τοσαύτην
1402 2618 1453 2680 αά·

333 2725 431 2806 τὸνῙῙ)
455 2723 626 2808 ἐπιμέλειαν
649 2722 878 2786 ἐπιδείκνυσθαι
899 2726 968 2807 περὶ
990 2726 1025 2787 τι)
1043 2723 1192 2810 χρησθὲν,
1217 2724 1295 2809 όσην
1318 2723 1368 2784 ἐπὶ
1392 2723 1454 2795 τοῖς

333 2826 454 2902 οἰκείοις
475 2825 538 2914 ἔχει
562 2828 748 2912 πράγμασιν,
779 2827 848 2889 ἀλλ’
877 2828 952 2914 όσην
982 2827 1091 2911 ἕτερος
1113 2826 1352 2913 ἐπιμελέστερος
1376 2824 1454 2914 ἔχειν

332 2929 474 2994 δύναται·
499 2931 525 2993 ελ
547 2929 583 2992 δὲ
600 2930 715 3013 μείζονι
733 2928 837 3015 βίᾳῙῗ)
860 2929 1030 2993 ἀπολέσθαι
1047 2929 1153 3016 συμβῇ
1168 2933 1202 2992 τι)
1219 2928 1453 3005 οοτιιαιοάέλοα,

281 3047 314 3098 25
333 3033 368 3095 οὐ
392 3033 672 3122 κατασγεθησεται,
704 3034 731 3096 εί
757 3035 800 3122 μη
828 3033 890 3118 ἀρα
914 3033 949 3105 ἐξ
973 3032 1070 3108 αἰτίας
1092 3032 1186 3095 αὐτοῦ
1211 3031 1323 3118 ταύτην
1346 3031 1455 3117 συμβῇ

333 3135 478 3216 γενέσθαι
502 3139 554 3222 τὴν
578 3135 765 3218 περίστασιν.
815 3137 890 3199 ὅθεν
919 3137 945 3198 ελ
968 3134 1089 3222 ἔγρησά
1109 3159 1157 3198 σοι
1178 3134 1312 3218 βιβλίον,
1336 3136 1454 3221 ἀποδη-

331 3241 400 3322 μῶν
423 3237 459 3300 δὲ
481 3237 560 3326 ελγες
584 3243 673 3304 τοῦτο
681 3239 718 3322 ¹³)
740 3239 820 3323 μετὰ
843 3242 976 3302 σεαυτοῦ
991 3240 1040 3302 καὶ
1055 3238 1092 3311 ἐξ
1107 3238 1277 3323 ἐπιδρομῆς
1297 3237 1455 3321 πολεμίων

334 3340 353 3427 ἢ
376 3347 532 3427 πειρατῶν
554 3343 722 3417 ἀπώλεσας
744 3341 845 3420 τοῦτο,
869 3341 1093 3426 ἀναμφιβόλως
1115 3339 1335 3428 κατασγεθηση
1352 3343 1456 3427 ἐπὶτη

336 3444 445 3506 τούτου
468 3444 729 3508 ἀποκαταστάσει·
761 3443 796 3507 οίι
819 3445 880 3530 γὰρ
903 3443 967 3507 ἔδει
992 3467 1028 3508 σε
1052 3444 1136 3527 παρὰ
1157 3446 1282 3530 γνώμην
1306 3444 1385 3530 ἐμὴν
1409 3444 1457 3508 ἐπί

282 3562 316 3613 30
335 3545 426 3632 ξένης
448 3545 567 3629 φέρειν.
621 3548 662 3610 Τὸ
686 3546 906 3612 οοιατιιοάίιίοο
929 3547 1137 3630 gratuitonss)
1161 3545 1237 3610 εἶναι
1261 3546 1362 3630 δεῖῑῧ),
1387 3571 1456 3612 τοο·

402 3753 424 3816 1)
442 3752 466 3806 d.
485 3752 527 3806 vi.
545 3751 577 3804 R.
656 3751 680 3820 λ)
734 3769 776 3802 σει
795 3749 825 3804 V.
844 3751 875 3804 G.
895 3749 924 3802 F.
1006 3750 1029 3818 ³)
1049 3749 1143 3821 ἐνοχήν
1163 3750 1195 3803 V.
1214 3750 1255 3803 Vi.
1273 3750 1306 3804 R.
1384 3753 1410 3818 ⁴)
1432 3750 1457 3806 d.

333 3836 375 3891 Vi.
389 3835 422 3890 R.
492 3839 514 3904 ⁵)
532 3837 571 3890 ita
583 3851 633 3891 scr.
646 3837 683 3889 M.
752 3835 986 3902 ⁶)-a'roovi.R,
1054 3837 1079 3902 7)
1097 3837 1143 3888 ἐπ’
1160 3837 1236 3906 αὐτῷ
1254 3840 1295 3907 τῷ
1312 3837 1458 3905 πράγματι

332 3923 372 3977 Μ.
384 3922 416 3990 V,
435 3924 481 3992 qui
493 3929 521 3976 et
540 3922 575 3975 δι’
595 3924 707 3976 ἀπσκατ,
722 3937 772 3976 scr.
842 3923 865 3989 ⁸)
883 3925 1017 3990 ναυαγίων
1041 3923 1174 3976 πλείστων
1192 3923 1230 3976 Μ.
1299 3925 1323 3990 ⁹)
1343 3925 1409 3977 -δὲ
1425 3925 1456 3979 F.

337 4009 372 4075 1⁰)
391 4040 420 4048 —
439 4027 546 4063 -ττιυν
565 4009 607 4064 vi.
625 4008 656 4066 R.
675 4009 721 4077 qui
738 4008 851 4062 habent:
873 4009 922 4060 οὐκ
939 4009 1029 4062 ἀπαιτ.
1103 4011 1139 4077 ¹1)
1156 4011 1204 4080 τὴν
1224 4009 1267 4064 [ιθ.
1347 4011 1383 4081 1²)
1405 4029 1458 4062 -a

331 4093 394 4161 βίον
412 4094 455 4147 L2.
577 4095 612 4161 1θ)
635 4095 742 4148 θιθλίον
755 4093 858 4166 εἴχ.Μ.
975 4097 1011 4161 14)
1034 4096 1073 4150 ita
1090 4110 1138 4150 scr.
1158 4096 1197 4152 M.
1317 4098 1354 4166 1ὅ)
1376 4097 1461 4149 δοκεῖ

333 4178 402 4235 εἶναι
420 4180 452 4236 V.
