3370 5350
598 418 833 482 -264-

159 608 326 670 cauetur
347 608 383 669 ut
406 604 581 672 omnimodo
603 603 676 671 huic
698 623 736 672 ex
758 605 859 672 tribus
881 604 1019 671 maribus
1040 603 1190 686 adoptato
1211 604 1275 673 filio

159 728 273 805 partem
296 729 440 806 quartam
464 725 616 789 bonorum
639 730 765 792 tuorum
793 725 967 805 relinquere
996 724 1127 808 debeas3
1155 725 1214 791 hoc
1242 725 1276 791 ni

158 842 259 921 iacias,
283 843 436 908 actionem
461 843 490 909 ei
512 845 819 910 senatusconsultum
845 845 879 940 in
899 844 1030 911 heredes
1053 851 1123 912 tuos
1152 846 1207 912 dat
1235 846 1275 910 ad

158 967 298 1044 quartam
320 963 495 1044 petendam.
541 962 620 1029 Cum
642 964 699 1029 tibi
721 965 798 1030 haec
819 971 984 1047 perspecta
1006 965 1082 1044 sint,
1107 966 1179 1031 uide
1200 963 1276 1046 qnid

157 1079 226 1146 indo
249 1088 409 1164 sequatur.
455 1084 567 1162 omnia,
591 1103 672 1166 quae
695 1083 838 1164 diximus,
861 1085 1033 1168 antiquitus
1056 1086 1275 1167 optinuerunt:
1310 1083 1327 1134 5

157 1201 324 1282 imperator
346 1207 451 1268 autem
474 1208 581 1268 noster
603 1203 739 1286 aliquam
762 1205 936 1270 introduxit
957 1203 1206 1270 emendationem
1221 1220 1277 1282 per

157 1321 407 1388 constitutionem
430 1341 529 1400 suam,
552 1341 646 1406 quam
669 1323 708 1388 de
730 1323 779 1388 his
802 1324 920 1403 posuit,
949 1325 1003 1406 qui
1025 1343 1044 1388 a
1065 1322 1201 1389 naturali
1223 1343 1277 1406 pa·

157 1445 201 1504 tre
223 1439 256 1503 in
279 1440 478 1521 adoptionem
501 1446 576 1504 runt
598 1441 672 1505 dati.
718 1459 786 1505 cum
815 1442 898 1506 enim
927 1441 1090 1507 nonnullos
1119 1441 1277 1508 inuenerit

156 1576 253 1636 casus,
278 1575 356 1638 quos
379 1562 411 1624 ct
433 1553 689 1638 iam'attulimus,
712 1561 742 1625 in
771 1561 885 1643 quibus
907 1559 964 1625 filii
994 1567 1025 1626 et
1049 1561 1201 1628 naturalis
1223 1581 1277 1644 pa·

154 1677 250 1743 rantis
268 1679 494 1745 successionem
510 1698 566 1761 per
580 1679 778 1760 adoptionem
794 1681 982 1758 amitterent,
999 1687 1031 1746 et
1046 1680 1211 1762 adoptione
1232 1681 1278 1746 fa·
1296 1685 1328 1736 10

155 1797 210 1864 cile
232 1819 291 1882 per
313 1797 592 1882 emancipationem
620 1797 725 1864 soluta
755 1799 796 1864 ad
823 1801 966 1865 neutrius
988 1783 1093 1884 ¹patris
1112 1799 1278 1868 successio·

154 1939 221 1984 nem
245 1928 445 1998 uocarentur,
468 1918 561 1984 solito
584 1936 670 1984 more
692 1919 823 1986 ethaeo
845 1920 885 1983 ad
902 1919 1030 1985 meliora
1046 1919 1279 1994 trahenscon·

154 2040 366 2116 stitutionem,
383 2044 419 2102 ut
441 2037 559 2104 dictum
582 2044 639 2117 est,
662 2039 799 2118 scripsit,
821 2057 985 2121 perquam
1002 2037 1132 2115 definiit,
1154 2038 1278 2122 quando

152 2177 264 2239 parens
286 2157 442 2224 naturalis
464 2157 562 2222 filium
584 2176 675 2222 suum
698 2158 911 2239 adoptandum
935 2158 987 2223 alii
1002 2159 1132 2238 dederit,
1156 2159 1278 2241 integra

153 2279 256 2343 omnia
279 2279 350 2343 iura
375 2279 405 2342 ei
435 2257 561 2342 manere
590 2295 701 2343 uersus
734 2277 909 2343 naturalem
941 2282 1078 2360 patrem,
1110 2296 1211 2358 neque
1240 2297 1277 2343 ex
1297 2295 1327 2346 ro

153 2399 218 2462 eius
241 2399 329 2462 exire
351 2397 469 2462 familia
491 2397 620 2480 perinde
642 2416 678 2462 ac
701 2399 727 2462 si
750 2415 877 2480 prorsus
900 2397 1068 2479 adoptatus
1090 2416 1150 2463 non
1172 2397 1275 2462 luerit.

151 2519 181 2582 in
203 2519 264 2584 hoc
288 2524 396 2582 autem
420 2518 636 2584 tantummodo
659 2537 735 2613 casu
757 2517 885 2610 uidetur
906 2516 1023 2597 aliquid
1045 2517 1161 2584 habere
1183 2515 1278 2595 adop·

152 2639 209 2716 tio,
241 2644 278 2705 ut
301 2641 402 2720 possit
425 2638 558 2704 liberum
580 2637 620 2702 ab
650 2638 798 2704 intestato
826 2637 865 2702 ad
893 2637 977 2719 patri
999 2636 1155 2718 adoptiui,
1185 2653 1277 2716 quem

151 2765 296 2836 uocant,
320 2761 548 2824 successionem
576 2759 693 2824 uenire.
745 2775 816 2822 nam
847 2763 1035 2822 testamento
1063 2755 1102 2822 ab
1131 2774 1167 2820 eo
1195 2754 1279 2821 lactc

151 2899 253 2961 neque
276 2879 347 2943 iure
367 2878 451 2943 ciuili
473 2895 529 2943 nec
561 2895 619 2957 per
644 2881 819 2958 praetorem
847 2874 965 2957 aliquid
992 2895 1031 2940 ex
1060 2875 1127 2940 eius
1154 2872 1277 2939 heredi·
1294 2895 1329 2946 ao

150 3005 216 3065 tate
238 2999 389 3082 persequi
411 3003 525 3079 potest,
548 3016 604 3063 nec
623 3003 736 3064 contra
756 2997 881 3062 tabulas
908 2996 1135 3077 possessionem
1157 2997 1276 3076 petens,

150 3133 252 3199 neque
282 3113 449 3182 inofficiosi
478 3117 647 3199 querellam
678 3115 860 3194 instituens,
890 3121 959 3180 cum
987 3115 1073 3179 nulla
1106 3113 1278 3179 necessitas

150 3239 231 3328 patri
255 3211 414 3321 adoptiuo
432 3225 611 3321 imponatur
634 3239 684 3303 uel
706 3238 852 3304 heredem
875 3257 944 3304 eum
967 3237 1132 3302 instituere
1154 3236 1204 3302 uel
1227 3254 1278 3300 ex-

151 3359 340 3424 heredatum
368 3357 487 3438 meere,
516 3364 625 3439 utpote
654 3359 739 3423 nullo
769 3357 906 3424 naturali
923 3357 1060 3422 uinculo
1089 3354 1278 3437 copulatum.

150 3481 248 3544 immo
273 3479 380 3544 dicam
402 3479 429 3544 si
452 3497 490 3544 ex
509 3477 646 3544 afiniano
662 3485 791 3544 senatos
808 3477 949 3546 consulto
967 3495 1036 3542 »ex
1057 3475 1188 3542 tribus
1211 3491 1277 3538 ma·
1295 3492 1331 3543 ao

149 3599 292 3666 ribus«
326 3597 407 3663 forte
436 3617 507 3665 eum
537 3597 750 3679 adoptauerit,
779 3616 880 3679 neque
908 3597 940 3660 in
967 3594 1118 3660 eiusmodi
1146 3611 1220 3660 casu
1250 3593 1278 3657 ei

200 4322 310 4372 Theoph·
326 4319 439 4361 Antecess.
452 4331 496 4360 rec·
509 4315 598 4359 Fe'rrini.

72 5011 293 5280 Ι
310 5023 318 5042 ἱ
509 5041 571 5058 ”-
575 5033 648 5058 με..
870 5029 934 5279 ΙΙ
1131 5029 1133 5034 .
1360 5029 1376 5224 ΙΙ
