3298 5322
545 337 787 401 -380—

125 513 187 576 liter
208 511 351 593 obligari,
386 518 418 575 et
452 511 493 575 ab
516 511 585 594 ipso
609 511 700 577 datos
732 512 934 578 fideiussores
962 519 1076 578 natma
1103 521 1135 578 et
1158 515 1225 580 iure

123 637 212 701 teneri
241 643 272 701 et
299 636 474 700 naturalem
503 636 728 718 obligationem
756 657 851 720 posse
878 638 1081 703 nouationem
1110 639 1225 704 faeere.

122 761 359 844 respondendum
383 761 466 825 enim
490 767 622 825 estnon
646 761 790 826 sufficere
815 762 856 826 ad
872 763 1072 827 nouatiouem
1089 763 1225 827 effieieu·
1311 839 1313 846 Ι

123 886 186 950 dam
206 887 379 950 naturalem
404 885 492 968 gigni
508 885 744 969 obligationem,
770 893 818 952 set
833 894 989 970 oportere,
1012 895 1046 952 ut
1063 888 1103 952 sit
1118 887 1226 969 aliqua

121 1031 258 1094 persona;
282 1011 401 1074 nullam
424 1016 529 1074 autem
552 1011 584 1074 in
607 1011 675 1076 iure
698 1031 867 1096 personam
883 1031 993 1076 seruus
1009 1013 1114 1077 habet.
1147 1012 1225 1078 haee
1263 1031 1285 1082 o

120 1155 186 1199 uero
209 1135 352 1216 quotiens
376 1136 416 1199 ab
440 1135 504 1200 alio
520 1157 577 1218 pro
599 1137 662 1201 alio
687 1137 887 1221 stipulamur;
912 1137 940 1200 si
954 1157 1030 1202 uero
1047 1158 1068 1202 a
1083 1137 1225 1204 debitore

119 1279 180 1323 neo
203 1260 342 1343 stipuler,
367 1279 555 1340 quaeramus
580 1281 621 1325 an
643 1261 771 1326 nouatio
795 1261 859 1326 fiat.
906 1268 938 1326 et
960 1268 995 1326 ut
1022 1262 1079 1326 tibi
1106 1261 1139 1326 id
1162 1262 1225 1326 eui-

119 1383 231 1456 dentius
254 1403 438 1468 proponam,
461 1385 546 1467 fingo
569 1385 671 1450 teneri
685 1391 716 1450 te
735 1386 812 1450 mibi
835 1405 875 1450 ex
897 1406 932 1451 16
957 1387 1150 1469 obligatione
1173 1387 1226 1451 uel

116 1507 218 1572 litteris
241 1509 294 1574 uel
317 1528 473 1573 consensu
495 1509 547 1574 uel
571 1509 747 1575 actionibus
765 1511 856 1591 quasi
880 1530 919 1574 ex
940 1517 1102 1575 eontraetu
1118 1530 1225 1593 proee-

117 1632 266 1698 dentibus:
295 1635 406 1717 prooul
434 1634 529 1698 dubio
557 1634 612 1700 fiet
633 1635 772 1701 nouatio.
818 1635 867 1700 siu
894 1641 1000 1699 autern
1028 1635 1091 1698 iarn
1119 1635 1224 1699 uerbis
1246 1651 1286 1703 10r

116 1763 201 1820 autea
222 1757 383 1822 tenebaris
408 1763 439 1822 et
461 1779 542 1822 nune
566 1759 709 1842 stipuler,
733 1765 806 1824 tuno
830 1759 958 1824 nouatio
982 1759 1048 1840 fiet,
1074 1779 1143 1823 eum
1169 1759 1224 1822 ali-

115 1881 183 1960 quid
203 1883 280 1946 noui
302 1882 470 1966 posteriori
493 1883 695 1966 stipulatione
718 1883 883 1964 inseratur,
908 1883 991 1964 quod
1013 1883 1046 1948 in
1067 1883 1224 1949 anteriore

113 2023 170 2069 uon
191 2007 301 2071 suerit:
326 2007 407 2072 iorte
428 2007 511 2072 enim
532 2007 675 2072 eondieio
693 2007 802 2072 diesne
822 2008 874 2072 uel
894 2007 1061 2072 fideiussor
1082 2007 1224 2072 adieotus

113 2130 160 2193 uel
187 2130 346 2196 detractus
374 2138 422 2196 est
449 2132 502 2196 uel
529 2132 625 2196 etiam
653 2133 814 2213 quantitas
842 2131 951 2196 addita
979 2139 1035 2196 est.
1086 2133 1114 2197 si
1142 2132 1224 2196 enim

113 2253 249 2320 detraota
274 2261 322 2320 est
345 2257 439 2341 (forte
463 2256 545 2320 enim
569 2256 708 2321 anterior
731 2257 893 2341 stipulatio
918 2257 1027 2322 deoem
1056 2277 1223 2321 aureorum
1244 2273 1283 2338 lt

113 2384 187 2461 erat,
219 2381 378 2464 posterior
401 2381 566 2464 quinque),
601 2401 664 2446 non
686 2381 720 2445 fit
742 2381 887 2463 nouatio,
921 2382 1058 2462 quinque
1086 2381 1224 2452 enimin

112 2503 215 2568 deeem
242 2505 441 2570 eontinentur
464 2512 495 2569 et
521 2505 599 2569 nihil
626 2507 702 2570 noui
735 2506 890 2590 posterior
922 2505 1082 2588 stipulatio
1117 2506 1221 2570 habet.

111 2628 187 2708 quod
211 2629 252 2693 de
275 2629 452 2694 adiectione
475 2629 669 2716 condicionis
693 2630 836 2713 diximus,
859 2650 917 2714 per
940 2650 1009 2695 eam
1034 2629 1154 2695 seilicet
1169 2649 1223 2693 no·

110 2752 265 2818 nationem
280 2753 358 2834 fieri,
382 2753 427 2817 ita
439 2753 684 2836 intellegendum
699 2761 757 2836 est,
781 2759 816 2818 ut
830 2759 904 2818 tuno
919 2754 1049 2820 nouatio
1065 2754 1129 2836 fiat,
1153 2773 1223 2818 eum

110 2877 250 2942 eondioio
279 2878 425 2942 extiterit.
472 2899 545 2942 nam
574 2879 601 2943 si
629 2879 795 2962 defecerit,
822 2879 910 2962 prior
937 2879 1088 2962 obligatio
1116 2879 1222 2959 durat3
1243 2895 1284 2946 ab

109 3001 277 3066 absurdum
288 3001 370 3066 enim
387 3008 435 3067 est
447 3003 552 3068 dioere
564 3003 738 3086 pleniorem
755 3003 991 3086 obligationem,
1009 3003 1091 3068 idest
1102 3024 1222 3086 puram,

110 3127 146 3189 ab
168 3126 354 3208 infirmiore,
382 3126 411 3190 h.
435 3147 461 3191 e.
485 3128 711 3193 eondioioualis
735 3128 885 3209 quamdiu
908 3127 1063 3193 eondioio·
1075 3128 1226 3211 pendeat,

65 3250 181 3314 satelli.
230 3255 276 3314 3².
299 3251 355 3315 Set
378 3271 448 3316 oum
471 3252 553 3316 inter
579 3258 703 3317 ueteres
732 3258 904 3333 constaret,
932 3257 1006 3316 tune
1032 3252 1101 3317 fieri
1128 3272 1224 3317 noua·

108 3373 232 3458 tionem,
251 3396 320 3440 oum
331 3376 471 3440 nouandi
483 3377 587 3442 auimo
600 3377 633 3440 in
645 3376 815 3442 secundam
831 3377 1065 3460 stipulationem
1081 3376 1222 3457 inissent,

108 3500 319 3583 ambigeretur
348 3507 455 3565 autem
490 3501 616 3582 quando
644 3501 783 3566 nouandi
810 3502 914 3566 animo
943 3502 976 3565 id
1003 3501 1223 3567 eontrahentes
1242 3516 1281 3569 25
