3384 5314
617 425 857 488 —494-

146 607 320 683 epossunt.
371 605 399 666 9.
416 601 458 664 lis
482 600 618 664 addatur
634 600 728 664 etiam
752 601 803 664 lex
824 600 904 664 lolia
927 600 973 664 de
996 600 1189 684 peculatu,
1213 619 1294 681 quae

181 745 236 790 eos
260 725 361 809 punit,
394 726 447 806 qui
470 725 637 808 pecuniam
660 745 751 790 resue
775 725 919 809 publioas
942 725 994 789 uel
1018 745 1126 789 saeuas
1150 725 1201 789 uel
1224 724 1295 788 reli·

181 850 288 932 giosas
323 851 419 915 furati
460 851 584 914 fuerint.
642 856 690 915 set
717 851 743 914 si
778 852 981 932 magistratus
1017 849 1296 915 administrationis

181 982 321 1059 ternpore
344 976 489 1060 publioas
505 977 656 1060 pecunias
679 976 899 1056 subtraxerint,
925 975 1028 1058 eapite
1045 975 1212 1058 punientur
1235 995 1297 1038 una

181 1121 250 1164 oum
273 1101 331 1184 his,
357 1103 411 1184 661
434 1101 640 1166 ministerium
664 1103 710 1166 eis
727 1102 935 1166 adhibuerint.
975 1107 1141 1196 praeterea
1165 1100 1297 1164 eandem
1334 1111 1349 1162 5

182 1225 336 1291 sustinent
359 1245 495 1310 poenam
522 1227 559 1308 ii,
589 1227 642 1306 qui
671 1227 806 1290 seientes
831 1247 850 1290 a
874 1225 1124 1290 subtraotoribus
1151 1245 1202 1288 res
1232 1245 1297 1288 sus-

182 1358 341 1434 ceperunt.
374 1351 401 1415 si
418 1351 487 1431 quis
504 1352 585 1416 alius
601 1357 729 1434 praeter
745 1352 846 1437 dietas
862 1372 1016 1434 personas
1040 1351 1072 1414 in
1088 1351 1169 1414 hano
1193 1349 1297 1432 legem

127 1490 169 1541 10.
180 1475 335 1557 insiderit,
360 1476 572 1560 deportationi
596 1477 789 1560 subiugatur.
827 1475 1297 1559 10.1nterlegespublioorum

181 1599 365 1664 iudioiorum
388 1602 441 1665 lex
465 1621 590 1684 quoque
614 1602 714 1666 Fabia
738 1602 781 1666 de
798 1601 1004 1685 plagiariis
1020 1599 1215 1664 recensenda
1239 1605 1296 1681 est,

182 1746 262 1806 quae
286 1727 441 1791 interdum
465 1728 578 1811 eapitis
602 1749 736 1812 poenam
761 1749 800 1792 ex
823 1729 1050 1812 prinoipalibus
1072 1725 1297 1792 constitutioni·
1319 1736 1351 1786 lo

181 1851 239 1914 bus
274 1851 414 1934 inrogat,
446 1853 602 1918 interdum
629 1853 794 1935 leuiorem,
831 1854 964 1918 6166116
989 1853 1105 1919 Oodioe
1135 1857 1229 1934 atque
1258 1871 1298 1916 ax

129 1988 170 2040 11.
182 1974 463 2042 constitutionibus
486 1977 627 2060 intellegi
651 1984 764 2062 potest.
807 1982 855 2046 11.
872 1980 952 2044 Sunt
968 1979 1051 2043 aliae
1068 1997 1192 2059 quoque
1209 1977 1298 2058 leges

181 2099 365 2164 iudieiorum
381 2103 591 2185 publicorum:
608 2104 660 2168 len
676 2103 756 2168 lulia
773 2103 817 2167 de
834 2103 993 2185 ambitu,
1018 2123 1099 2183 quae
1122 2123 1176 2166 eos
1193 2121 1298 2184 perse-

182 2223 287 2303 quitur
311 2225 364 2304 qui
387 2227 553 2308 peeuniam
577 2227 735 2308 aliquibus
760 2227 988 2308 distribuerint,
1018 2233 1052 2290 ut
1079 2227 1298 2309 magistratum

183 2347 338 2428 quendam
361 2349 413 2412 uel
430 2349 579 2414 honorem
597 2357 870 2433 consequerentur.
906 2356 937 2414 et
952 2351 1005 2414 lex
1021 2350 1101 2414 lulia
1125 2351 1168 2415 de
1192 2371 1299 2434 repe-
1321 2364 1352 2414 15

182 2473 323 2552 tundis,
352 2494 434 2554 quae
458 2475 611 2539 aduersus
634 2476 837 2557 magistratus
866 2475 1026 2540 iudieesue
1050 2481 1104 2538 aut
1127 2475 1221 2539 etiam
1246 2475 1299 2539 ad-

182 2617 324 2661 sessores
344 2597 410 2661 lata
431 2605 488 2679 est,
513 2599 567 2678 661
588 2599 628 2662 ob
649 2619 715 2662 rem
736 2598 936 2662 iudicandam
958 2598 1109 2680 peounias
1125 2599 1298 2680 exegerint.

183 2729 215 2785 et
237 2723 289 2786 lex
312 2722 393 2786 Iulia
417 2723 460 2787 de
483 2743 644 2805 annona,
669 2743 751 2804 quae
774 2744 829 2788 eos
846 2724 935 2806 punit
959 2724 1012 2805 qui
1027 2723 1215 2812 frumentum
1232 2723 1299 2786 siue

182 2866 339 2910 annonam
363 2848 404 2911 ad
427 2849 548 2930 regiam
571 2851 680 2914 urbem
704 2849 832 2914 missam
861 2850 923 2914 alio
954 2849 1134 2914 auerterint.
1181 2855 1212 2913 et
1237 2849 1299 2936 [lex

183 2969 275 3056 Iulia]
301 2971 344 3035 de
367 2973 548 3055 residuis,
574 2995 655 3054 quae
678 2975 711 3038 in
735 2995 806 3038 eum
828 2975 1059 3056 animaduertit,
1084 2974 1138 3054 661
1154 2993 1224 3037 oum
1246 2993 1298 3038 res
1318 2987 1352 3038 20

184 3095 327 3178 publioas
355 3095 635 3172 administrauerit,
665 3094 793 3160 residua
820 3116 884 3158 non
912 3095 1053 3159 restituit.
1100 3113 1182 3175 6666
1210 3093 1299 3176 leges

185 3220 279 3284 etde
303 3220 396 3286 eertis
421 3219 492 3283 aliis
516 3220 661 3302 eapitulis
684 3187 835 3284 tractant:
865 3226 896 3284 et
924 3219 1049 3300 quidem
1077 3219 1164 3283 nulla
1192 3239 1300 3284 earum

185 3344 309 3408 animae
323 3344 523 3412 amissionem
538 3345 674 3425 inrogat,
699 3363 806 3408 omnes
835 3350 939 3407 autem
964 3349 1085 3407 sontem
1110 3363 1299 3424 suorumque

134 3480 175 3530 1‘2.
186 3475 424 3552 praeeeptorum
449 3474 691 3551 oontemptorem
720 3469 791 3533 aliis
818 3469 929 3552 poenis
958 3468 1122 3534 subioiunt.
1173 3472 1222 3534 12.
1246 3467 1301 3532 Set

187 3593 226 3664 (16
252 3592 387 3683 publiois
415 3593 539 3662 iudieiis
567 3593 727 3675 hueusque
754 3598 909 3660 tractasse
937 3593 1085 3676 sufficiat,
1116 3599 1150 3656 ut
1179 3592 1301 3685 possint
1320 3610 1353 3662 25
