3328 5318
585 407 825 470 —459—

147 579 312 644 dationum
335 580 409 643 olim
432 579 539 661 fuisse,
564 580 661 644 alium
684 600 759 646 uero
783 581 876 645 hodie
899 581 931 644 in
948 601 1007 645 usu
1022 583 1154 647 uersari.
1190 583 1263 647 olim

150 703 242 784 enim,
267 704 295 768 si
317 704 350 768 in
372 723 438 768 rem
462 706 627 786 agebatur,
651 725 724 770 reus
749 705 903 770 satisdare
920 706 1177 789 compellebatur,
1202 727 1264 788 qua

151 829 357 894 satisdatione
381 831 524 910 canebat,
548 837 582 893 ut
606 829 632 894 si
654 831 756 894 uictis
780 851 837 895 uec
860 851 927 894 rem
950 831 1051 914 ipsam
1074 831 1262 914 restitueret,

147 954 189 1017 dc
214 973 276 1034 qua
300 955 555 1036 conueniebatur,
578 975 636 1018 nec
660 955 723 1018 litis
740 956 1000 1036 aestimationem,
1024 956 1157 1020 liberum
1182 963 1265 1021 esset

148 1079 249 1142 actori
273 1085 328 1142 aut
350 1099 420 1142 cum
443 1098 481 1143 eo
506 1099 546 1143 ex
569 1079 721 1162 stipulatu
744 1099 840 1162 agere
864 1086 919 1144 aut
942 1100 1011 1144 cum
1026 1081 1264 1146 fideiussoribus
1302 1093 1318 1144 5

147 1203 227 1266 eius.
280 1203 502 1286 appellabatur
531 1209 635 1267 autem
664 1203 819 1268 eiusmodi
847 1203 1010 1268 satisdatio
1040 1203 1264 1268 »iudicatum

147 1327 283 1408 solui«,
312 1326 395 1391 unde
419 1333 523 1392 autem
547 1328 592 1392 sic
614 1329 776 1410 appellata
799 1334 859 1410 est,
883 1328 977 1393 facile
1001 1335 1049 1393 est
1071 1329 1263 1410 intellegere.

148 1452 359 1534 stipulabatur
397 1453 479 1516 euim
523 1459 611 1517 actor
654 1454 713 1517 hoc
758 1454 865 1518 modo:
907 1453 1133 1536 ‘spondesne
1175 1453 1264 1517 mihi

150 1576 300 1640 soluere
334 1577 432 1656 quod
460 1576 576 1640 fuerit
603 1577 856 1657 iudicatum‘l’3
886 1583 918 1640 et
939 1577 1018 1640 haec
1045 1577 1171 1657 quidem
1194 1597 1264 1642 cum

147 1700 219 1781 quis
243 1721 300 1764 suo
329 1701 455 1764 nomine
483 1701 638 1766 actionem
666 1701 698 1766 in
725 1722 791 1766 rem
821 1702 987 1784 exciperet.
1033 1703 1131 1766 Multo
1160 1708 1263 1766 autem
1284 1712 1318 1765 10

149 1827 251 1908 magis
278 1826 319 1906 is,
354 1827 407 1906 qui
435 1826 540 1891 alieno
575 1827 699 1891 nomine
726 1827 759 1890 in
786 1847 852 1892 rem
887 1827 1042 1891 actionem
1075 1827 1262 1910 excipiebat,

149 1950 357 2014 iudicatum
397 1951 496 2014 solui
531 1951 767 2032 satisdationem
801 1958 963 2034 praestare
1005 1953 1262 2034 compellebatur,

149 2083 278 2157 propter
315 2076 473 2157 regulam,
513 2095 594 2156 quae
633 2077 690 2140 ait:
728 2081 844 2140 ‘nemo
883 2077 965 2140 sine
1005 2076 1262 2140 satisdatione

149 2199 304 2263 alienae
328 2199 385 2263 rei
408 2199 588 2264 defensor
611 2200 768 2264 idoneus
791 2201 1052 2282 intellegitur’.
1084 2202 1163 2265 baec
1186 2221 1261 2264 uero

149 2324 234 2402 quod
258 2325 299 2387 ad
321 2344 409 2388 reum
432 2325 576 2408 pertinet.
623 2324 684 2400 Qui
707 2319 828 2404 iurem
852 2326 981 2408 agebat,
1006 2326 1033 2389 si
1056 2345 1112 2388 suo
1137 2326 1262 2389 nomine
1283 2335 1314 2384 15

149 2449 382 2531 experiebatur,
406 2450 523 2513 nullam
548 2450 785 2515 satisdationem
802 2451 877 2514 dare
895 2450 1152 2534 compellebatur.
1188 2469 1262 2530 quo-

148 2574 242 2637 modo
267 2574 349 2638 enim
372 2575 413 2638 ab
438 2594 485 2656 eo,
510 2575 563 2656 qui
586 2575 729 2638 dominus
753 2581 831 2656 erat,
856 2575 963 2638 caueri
984 2574 1138 2657 potuisset
1161 2581 1262 2638 ratam

149 2717 215 2762 rem
243 2697 401 2762 dominum
436 2698 635 2763 habiturum?
669 2699 696 2762 si
729 2718 806 2763 uero
842 2699 945 2762 alieno
979 2699 1104 2762 nomine
1137 2700 1262 2780 agebat,

149 2822 387 2886 satisdationem
410 2829 572 2905 praestare
591 2823 766 2904 iubebatur,
791 2841 872 2902 quae
893 2823 1005 2886 dicitur
1029 2827 1164 2886 »ratam
1188 2842 1262 2886 rem

148 2946 337 3009 dominum
353 2947 597 3029 habiturum‹;
615 2967 677 3027 qua
694 2949 827 3012 canebat
843 2947 947 3010 omnia
959 2967 1040 3026 quae
1053 2946 1121 3028 ipse
1137 2947 1264 3010 lecisset
1282 2957 1317 3008 20

149 3069 214 3134 litis
237 3070 395 3134 dominum
418 3077 488 3135 rata
510 3072 661 3151 firmaque
676 3071 862 3140 habiturum.
901 3071 1070 3136 uerendum
1087 3071 1168 3134 enim
1185 3077 1262 3153 erat,

148 3214 190 3258 nc
217 3195 298 3259 forte
327 3195 468 3260 dominus
497 3196 624 3260 adesset
652 3196 759 3260 dicens
787 3204 1020 3279 procuratorem
1047 3215 1111 3260 non
1139 3215 1178 3258 ex
1206 3216 1263 3258 sua

150 3319 311 3384 uoluntate
336 3320 450 3402 egisse,
476 3327 507 3384 et
529 3341 636 3384 rursus
660 3321 699 3384 de
724 3321 835 3385 eadem
858 3341 892 3385 re
915 3321 1002 3384 litem
1025 3319 1208 3400 institueret,
1233 3325 1265 3384 ct

147 3445 196 3508 ita
219 3445 289 3525 quis
304 3444 497 3509 inueniretur
515 3445 554 3510 dc
571 3444 681 3510 cadem
697 3466 732 3510 re
747 3446 859 3510 iterum
876 3452 1056 3510 conuentus.
1091 3449 1122 3508 et
1144 3450 1264 3508 tutores

152 3575 183 3632 et
217 3576 377 3633 curatores
412 3570 523 3634 eodem
551 3567 658 3649 modo,
694 3563 754 3649 quo
788 3574 1022 3653 procuratores,
1058 3568 1264 3632 satisdatione
1283 3579 1317 3630 25

151 3699 332 3774 onerantur,
357 3693 448 3758 sicuti
471 3693 567 3758 edicti
590 3695 687 3758 uerba
712 3694 886 3758 ostendunt.
928 3693 1082 3758 interdum
1104 3698 1210 3757 tamen
1225 3692 1264 3756 iis

151 3818 320 3900 agentibus
344 3819 509 3883 satisdatio
536 3819 716 3899 remittitur,
746 3839 815 3883 cum
839 3818 960 3883 scilicet
987 3837 1094 3882 eorum
1122 3817 1264 3882 condicio
