3384 5314
876 395 1117 458 -473—

440 573 469 635 3.
492 567 610 632 Πάντα
634 567 670 631 δὲ
693 569 796 632 ταῦτα
804 570 827 651 1)
850 566 985 654 εὐχερῶς
1015 567 1116 633 ἐνεστι
1145 577 1264 652 γνῶναι
1287 567 1322 631 ἐκ
1345 569 1405 632 τοῦ
1432 568 1589 632 πλατο-3.

438 673 532 760 τέρου
558 671 627 739 τῶν
655 675 806 756 dig6stwn
835 673 1067 760 συντάγματος.
1125 682 1155 742 4.
1185 675 1248 750 Arg
1275 685 1509 762 παραγραφοτς
1537 673 1589 740 0‘4.

439 778 652 865 πρωτότυπος
675 782 804 846 debitwr
818 787 993 866 κεχρῆσθαι
1010 780 1158 858 δύναται,
1181 781 1331 867 ταύταςλ)
1357 779 1402 856 εἰς
1423 781 1487 844 ἐπὶ
1510 779 1557 845 τὸ

438 889 622 951 πλεῖστον
650 889 704 951 καί
729 886 749 952 ὁ
771 887 919 974 ἐγγυητὴς
946 889 1163 974 άντιτίβησιν.
1210 887 1355 962 εἰκάτως·
1379 887 1397 952 ὃ
1421 886 1483 972 γὰρ
1513 885 1559 951 ἄν

404 993 610 1082 δάπαιτηθῇ
633 993 654 1058 (ἰ
676 991 866 1080 ἐγγυητηςί),
890 994 910 1059 0‘
933 996 1063 1060 debitwr
1086 993 1298 1059 ἀπαιτεῖσθαι
1322 994 1419 1059 δοκεῖ.
1454 1017 1557 1057 κατα-

438 1099 551 1184 βαλοίν
573 1099 634 1186 γάρ
658 1099 804 1187 ἐγγυητὴς
827 1104 889 1178 ἔξει
910 1104 981 1165 κατ’
1004 1100 1104 1166 αὐτοῦ
1126 1099 1187 1187 τὴν
1209 1103 1359 1166 mandati.
1394 1096 1475 1166 ὅθεν
1498 1098 1559 1164 ἐάν

440 1205 569 1271 πάκτον
592 1205 719 1292 ποιήσω
743 1209 788 1295 τῷ
811 1209 947 1273 debitori
962 1232 1025 1292 μου
1040 1207 1083 1293 μή
1104 1207 1257 1273 άπαιτεϊν
1280 1207 1318 1272 τό
1335 1211 1439 1291 χρέος,
1463 1205 1559 1293 η’τοῦ

439 1312 568 1378 πάκτου
590 1313 790 1400 παραγραφὴ
815 1315 956 1390 καὶτοῖς
983 1313 1067 1401 ὑπὲρ
1092 1313 1193 1380 αὐτοῦ
1221 1314 1405 1397 γενομένοις
1433 1312 1560 1395 ἐνόχοις

441 1419 660 1507 damiam),
696 1417 798 1506 ὥςπερ
831 1424 859 1486 εἰ
885 1431 1032 1508 φανερῶς
1059 1425 1166 1498 εἷπον,
1199 1419 1281 1506 ὅτιὸ)
1317 1417 1427 1486 »οὐδὲ
1460 1417 1561 1502 ὑμᾶς

388 1542 422 1594 10
439 1527 637 1614 άπαιτησω
665 1525 707 1592 τά
737 1531 876 1611 χρέοςι.
922 1530 981 1592 εἰσί
1009 1528 1048 1592 δέ
1073 1551 1155 1603 τινες
1183 1528 1414 1614 παραγραφαί,
1443 1524 1489 1592 ὧν
1519 1525 1562 1590 οὗ

440 1633 660 1699 συναπολαύει
683 1633 701 1699 ὁ
724 1633 876 1720 ἐγγυητὴς
903 1637 948 1721 τῷ
971 1637 1113 1699 debitori.
1160 1633 1231 1698 οἷον
1257 1633 1409 1698 ἐδάνεισα
1432 1636 1560 1719 Ρτίιοῳ,

441 1743 606 1807 Seesmdon
630 1741 667 1804 δὲ
690 1739 807 1822 ἐλαβον
830 1739 991 1828 ἐγγυητήν.
1038 1741 1058 1806 0‘
1081 1745 1201 1806 Primos
1225 1740 1333 1826 ἐξέστη
1359 1743 1417 1826 τῆς
1441 1741 1562 1813 οἰκείας

440 1849 626 1935 περιουσίας
657 1847 759 1934 μηδὲν
793 1845 982 1924 ἀξιόπιστον
1016 1845 1278 1934 ἐπικτησάμενος.
1330 1846 1560 1931 ἐναγόμενοςί)

440 1957 519 2041 παρ’
549 1955 658 2038 ἐμοῦλ)
694 1954 833 2018 δύναται
867 1954 1070 2019 ἀντιτιθέναι
1100 1951 1325 2042 παραγραφήν
1352 1955 1404 2017 καί
1440 1955 1561 2037 λέγειν·

388 2080 421 2130 15
442 2060 545 2125 »άλλ’
567 2065 600 2125 εἰ
627 2060 674 2146 μν)
704 2061 904 2147 ἐξέστηυιῧ)
928 2063 984 2125 καὶ
1011 2060 1157 2143 ἐκβάλλει
1183 2087 1222 2144 με
1249 2063 1308 2125 τοῦ
1338 2061 1560 2146 δικαστηρίου.

440 2165 519 2252 αὕτη
544 2167 611 2252 δίἰ)
635 2166 653 2254 η
675 2167 875 2256 παραγραφὴ
900 2169 957 2232 οὐκ
980 2166 1137 2254 ου’φελήσει
1164 2166 1241 2243 τους
1269 2165 1425 2252 ἐγγυητὰς
1453 2165 1560 2231 αὐτοῦ

441 2271 498 2338 διά
520 2273 642 2360 ταύτην
664 2273 724 2359 τήν
747 2277 865 2350 αἰτίαν,
888 2273 1001 2360 ἐπειδη)
1026 2273 1045 2340 ὁ
1067 2273 1157 2362 παρά
1181 2277 1240 2340 τοῦ
1263 2275 1380 2338 οἰκείου
1395 2275 1560 2339 debitoros

439 2379 615 2463 λαμβάνων
639 2379 792 2466 ἐγγυητάς
801 2382 836 2467 10)
861 2379 916 2446 διά
933 2384 1031 2445 τοῦτο
1054 2381 1193 2464 μάλιστα
1216 2378 1373 2464 λαμβάνει
1396 2380 1560 2467 πρόνοιαν

439 2485 556 2554 ἑαυτοῦ
586 2487 812 2572 τιθέμενοςίί),
845 2495 898 2551 ἵνα
926 2491 953 2552 εἰ
980 2491 1080 2577 συμβῇ
1113 2487 1281 2574 άπορῆσαι
1307 2485 1368 2552 τὸν
1401 2488 1560 2562 ἐουίίοτο,

387 2609 423 2662 20
441 2593 567 2682 δυνηθῇ
590 2603 730 2680 χωρησοιι
752 2592 836 2658 κατά
861 2603 925 2660 τῶν
948 2593 1201 2680 ἐγγυησαμένων.
1239 2597 1266 2658 εἰ
1289 2593 1326 2657 δὲ
1341 2591 1403 2678 τὴν
1417 2591 1488 2657 άπὸ
1504 2601 1560 2680 της

440 2698 615 2775 ἐκστάσεως
631 2699 854 2787 παραγραφὴν
871 2699 977 2784 δῶμεν
992 2703 1105 2789 καὶτῷ
1121 2701 1262 2790 ἐγχυητη,
1279 2699 1449 2785 άνωφελὴς
1465 2698 1556 2763 ἐσται

440 2830 496 2890 μοι
517 2809 572 2871 καί
594 2806 614 2893 ἦ
638 2806 693 2871 διὰ
716 2817 772 2893 τῆς
795 2805 923 2894 λήψεως
946 2806 1011 2872 τῶν
1033 2805 1193 2893 ἐγγυητῶν
1215 2805 1367 2891 πρόνοια.

530 3040 551 3105 1)
571 3037 681 3100 πάντως
700 3041 730 3094 δὲ
750 3061 771 3096 τ.
792 3039 826 3092 V.
855 3043 940 3094 ταῦτα
960 3037 1052 3094 πάντα
1072 3041 1103 3094 δὲ
1122 3038 1166 3092 Vi.
1185 3038 1216 3092 F.
1234 3039 1269 3092 R.
1382 3038 1404 3105 2)
1425 3060 1505 3098 -αις
1523 3037 1558 3090 Μ.

441 3128 464 3194 3)
484 3130 580 3188 --θεὶς
599 3128 659 3198 ἐγγ.
679 3127 713 3180 V.
822 3128 850 3195 4)
863 3127 1009 3198 γενήσεται
1027 3128 1062 3181 V.
1180 3128 1201 3196 5)
1220 3126 1246 3181 d.
1266 3127 1295 3180 P.
1413 3126 1436 3195 6)
1457 3129 1488 3180 δὲ
1506 3127 1558 3178 ins,

441 3216 485 3270 Vi.
503 3217 537 3268 R.
670 3217 691 3283 7)
711 3219 774 3288 περὶ
794 3217 862 3288 ἐμοῦ
880 3216 913 3269 Μ.
1048 3216 1072 3285 8)
1091 3217 1197 3281 ἔξεστιν
1214 3215 1248 3269 Μ.
1268 3215 1312 3268 Vi.
1457 3213 1481 3282 ⁹)
1500 3198 1558 3270 ἀλλ’

441 3303 507 3372 αὕτη
527 3306 557 3358 P.
705 3305 738 3374 ¹⁰)
758 3305 842 3373 -τῆν
860 3305 905 3360 Vi.
923 3307 957 3360 R.
1107 3306 1140 3374 11)
1160 3303 1324 3376 ποιούμενος
1343 3304 1377 3357 V.
1398 3305 1442 3358 Vi.
1460 3305 1491 3356 F.
1510 3304 1557 3357 R.:

441 3392 541 3447 desinit
558 3393 584 3447 h.
603 3395 619 3448 l.
639 3394 672 3447 M.
