3298 5322
544 374 784 438 -407—

127 547 171 611 uel
192 535 423 630 componeretur
445 549 496 612 uel
520 548 673 630 ederetur,
696 567 757 628 quo
782 548 955 630 ignominia
971 547 1130 613 adfioerer.
1171 555 1219 613 set

126 677 153 736 et
173 672 198 736 si
212 672 279 753 quis
294 672 566 736 matremfamilias
584 673 618 736 in
633 672 759 756 publioo
776 679 902 736 euntem
921 678 975 736 aut
989 678 1219 755 praetextatum

126 795 170 861 uel
189 789 412 878 praetextatam
437 797 531 880 (idest
553 798 788 863 adulesoentem
811 799 862 864 uel
884 799 1036 882 puellam:
1061 799 1114 880 qui
1137 799 1219 864 enim

125 918 278 985 iuuenilem
293 928 429 986 aetatem
445 924 584 1004 agebam
598 928 801 1006 praetexta
819 924 995 1004 utebantur,
1021 923 1104 1002 quod
1118 942 1220 987 roma·

124 1034 221 1109 uorum
236 1029 453 1110 uestimentum
469 1047 560 1131 erat),
578 1029 757 1111 adsectatus
773 1039 867 1112 fuerit
882 1047 926 1111 ull
942 1067 1070 1130 prorsus
1085 1040 1218 1127 loeutus,
1257 1062 1278 1113 o

125 1175 170 1232 aut
191 1170 307 1250 aliquid
331 1171 447 1252 dioens,
473 1192 535 1251 quo
557 1169 635 1236 boui
655 1192 764 1236 eorum
784 1193 889 1237 mores
903 1165 1061 1255 eorrmnpi
1081 1180 1219 1255 possent,

123 1281 292 1358 iuiuriarum
316 1296 437 1359 actione
461 1296 625 1360 tenebitur.
664 1303 695 1360 et
718 1297 852 1378 denique
868 1297 939 1360 aliis
956 1297 1096 1380 pluribus
1119 1267 1220 1360 modis

96 1425 114 1475 2.
123 1418 232 1484 admitti
269 1419 415 1483 iniuriam
448 1421 647 1484 manifestum
683 1428 739 1485 est.
802 1425 831 1488 2.
854 1422 975 1485 Patitur
1013 1427 1117 1484 autem
1151 1421 1220 1500 quis

123 1537 254 1606 iniuriam
279 1565 340 1608 nou
364 1539 463 1608 solum
487 1563 544 1626 per
567 1553 665 1608 semet
688 1545 802 1628 ipsum,
831 1552 879 1609 set
901 1546 996 1609 etiam
1019 1564 1076 1627 per
1103 1545 1220 1608 liberos

123 1687 194 1750 suos,
217 1677 296 1750 quos
320 1669 352 1731 in
372 1654 527 1751 potestate
543 1669 648 1749 habet,
673 1677 705 1733 et
727 1690 784 1752 per
799 1691 927 1734 uxorem
951 1689 1047 1733 suam.
1082 1669 1115 1732 id
1138 1669 1220 1733 enim
1241 1681 1274 1732 10

122 1781 298 1874 praeualuit,
323 1793 396 1856 lieet
419 1787 546 1873 quidam
570 1799 679 1857 eontra
695 1795 856 1858 senserint.
895 1795 1001 1874 itaque
1018 1794 1044 1857 si
1060 1793 1123 1857 lilio
1139 1813 1219 1873 meo,

123 1935 203 1994 quem
225 1917 257 1980 in
282 1907 438 1999 potestate
462 1917 578 1998 habeo,
607 1919 720 1982 iniuria
747 1917 833 1982 faeta
856 1919 908 2000 sit,
936 1917 988 1981 uel
1011 1918 1101 1981 uxori
1123 1937 1222 2000 meae,

121 2039 294 2107 iniuriarum
318 2043 400 2106 aetio
423 2043 498 2106 mibi
521 2043 654 2108 dabitur.
688 2045 794 2125 itaque
818 2044 845 2107 si
860 2043 925 2106 filia
940 2063 1011 2106 mea
1027 2042 1109 2108 Titio
1125 2049 1223 2125 nupta

121 2170 186 2229 ate
207 2165 354 2229 iniuriam
376 2187 473 2248 passa
496 2167 549 2248 sit,
579 2169 716 2250 etipsa,
746 2187 827 2248 quae
856 2167 1001 2232 iniuriam
1030 2166 1166 2249 aceepit,
1191 2173 1223 2230 et

121 2287 210 2352 Titius
233 2290 387 2370 eiusab,
417 2299 448 2354 et
471 2309 531 2372 ego
554 2297 645 2374 pater
673 2291 857 2355 iniuriarum
886 2291 1041 2356 aetiouem
1069 2309 1219 2354 auuersus
1243 2301 1281 2353 15*

121 2418 147 2474 te
168 2413 359 2478 habebimus.
406 2423 516 2480 eontra
539 2423 651 2497 autem,
676 2416 703 2480 si
725 2417 792 2480 uiro
816 2416 930 2479 iniuria
957 2416 1042 2479 faeta
1066 2415 1119 2495 sit,
1144 2433 1223 2478 uxor

121 2536 296 2602 iniuriarum
326 2531 513 2622 ag'eremon
540 2546 657 2623 potest;
687 2539 812 2604 delendi
840 2540 922 2602 euim
950 2559 1065 2602 uxores
1094 2531 1221 2619 auir'is,

120 2682 177 2726 uon
197 2665 284 2729 uiros
308 2665 349 2728 ab
373 2665 523 2728 uxoribus
547 2685 681 2744 aequum
705 2669 760 2730 est.
802 2671 833 2728 et
856 2683 946 2728 sooer
969 2684 1064 2727 nurus
1087 2657 1222 2744 nomine,

120 2807 194 2867 quae
217 2789 286 2853 eius
309 2789 373 2854 filio
390 2795 488 2872 nupta
503 2795 560 2870 est,
585 2809 677 2869 quem
692 2788 725 2852 in
740 2793 896 2872 potestate
913 2788 1017 2868 habet,
1041 2761 1223 2852 iniuriarum

92 2918 196 2978 erepte
220 2920 305 2996 aget.
346 2917 375 2980 3.
402 2913 436 2976 Si
452 2933 561 2978 seruus
576 2934 664 2978 meus
683 2914 828 2977 iniuriam
843 2913 969 2996 patitur,
993 2913 1080 2976 nulla
1096 2912 1126 2976 ei
1142 2911 1223 2976 aetio
1242 2919 1286 2972 2o

120 3039 274 3120 oompetit.¹
310 3045 358 3102 set
381 3057 421 3102 ea
443 3039 567 3119 iniuria,
592 3056 685 3118 quam
707 3037 761 3101 ille
784 3057 898 3120 passus
922 3042 979 3118 est,
1004 3056 1063 3118 ego
1081 3036 1223 3100 dominus

120 3151 206 3226 adfiei
232 3159 408 3245 intellegor.
453 3183 515 3228 non
547 3167 653 3227 ta'men
685 3163 797 3244 quibus
829 3162 928 3226 modis
952 3161 1015 3225 lilio
1043 3161 1095 3224 uel
1126 3173 1223 3224 uxore
1269 3222 1270 3226 ,

118 3284 227 3350 iniuria
244 3287 387 3368 adfectis,
412 3276 493 3351 aetio
510 3287 586 3351 mihi
601 3287 701 3368 datur,
726 3287 825 3351 isdem
846 3293 877 3351 et
892 3306 994 3350 seruo
1028 3306 1085 3368 per
1101 3305 1223 3349 seruum
1282 3321 1287 3330 ·

119 3411 196 3475 enim
218 3419 293 3476 tuno
317 3412 461 3476 iniuriam
484 3413 551 3496 pati
573 3413 692 3495 uideor,
716 3433 785 3476 eum
806 3412 925 3492 aliquid
940 3411 1076 3476 atrooius
1099 3411 1132 3474 in
1154 3430 1224 3474 eum
