3298 5322
636 329 700 392 379
746 363 788 372 -

127 480 250 568 merlus
281 501 493 584 Negidius«.
551 503 663 566 deinde
699 504 758 567 bae
791 502 993 586 stipulatione
1028 503 1168 585 perlaeta
1195 508 1227 567 et

126 629 257 693 omnibus
269 628 301 692 in
313 630 480 692 uerborum
492 628 716 710 obligationem
731 627 878 708 redactis,
890 627 1058 692 Numerius
1073 627 1226 709 Negidius

126 773 160 816 ex
182 753 302 817 diuerso
328 754 500 817 seeundum
530 753 723 834 aquilianam
750 753 916 818 formulam
940 751 1054 815 Aulum
1078 753 1227 834 Agerium

124 879 299 960 interrogat:
330 877 533 960 »quidquid
555 877 627 942 tibi
646 877 832 942 hodierna
849 877 909 941 die
934 897 1002 959 ego
1026 877 1226 941 Numerius

122 1003 299 1085 Negidius
333 1023 400 1086 per
433 1003 667 1084 aquilianam
706 1002 997 1085 stipulationem
1030 1001 1227 1086 spopondi,
1265 1012 1280 1064 5

123 1127 158 1190 id
180 1147 281 1192 omne
305 1128 471 1192 habesne
500 1128 738 1210 aceeptumt«
762 1126 933 1209 respondet
955 1127 1055 1190 Aulus
1078 1126 1226 1208 Agerius:

122 1252 255 1317 ›habeo
280 1257 553 1334 acceptumque
576 1252 677 1315 tuli«.
710 1259 741 1316 et
761 1271 835 1316 eoee
851 1271 909 1334 per
924 1251 1024 1316 uerba
1039 1251 1145 1334 priora
1160 1271 1228 1316 uer·

122 1377 223 1439 borum
247 1376 399 1459 obligatio
429 1376 577 1457 constitit,
611 1377 689 1441 haee
723 1395 797 1441 uero
826 1396 883 1458 per
911 1375 1104 1457 aquilianam
1132 1375 1228 1458 stipu-

121 1500 262 1565 lationem
279 1520 401 1565 omnem
417 1501 660 1583 praecedentem
680 1521 809 1564 oausam
824 1501 967 1582 nouauit;
992 1499 1230 1582 persequentia

120 1632 218 1689 autem
242 1625 442 1708 aoeeptilatio
466 1627 553 1690 faeta
576 1631 637 1706 est,
667 1646 748 1708 quae
774 1626 967 1706 aquilianam
995 1625 1229 1709 stipulationem
1249 1634 1283 1685 10

119 1750 203 1814 tollit.
254 1752 386 1816 ethaeo
418 1757 466 1814 est
491 1771 573 1832 qnae
601 1751 697 1832 uulgo
723 1751 836 1816 dieitur
859 1750 1056 1830 aquiliana
1080 1750 1229 1814 solutio.

94 1881 114 1932 3.
125 1879 150 1939 3.
161 1875 264 1938 Etiam
280 1875 437 1940 nouatio
455 1875 664 1957 obligationes
679 1876 791 1940 tollere
808 1875 896 1940 solet.
920 1875 947 1940 si
964 1875 1046 1938 enim
1062 1875 1094 1938 id
1110 1873 1195 1954 quod
1209 1895 1230 1937 a

122 2007 149 2062 te
172 2000 317 2080 debetur,
342 2021 402 2082 ego
427 2022 447 2063 a
470 2001 553 2064 Titio
578 2001 647 2064 dari
677 2001 844 2082 stipulatus
871 1999 998 2078 luerim,
1025 2019 1110 2063 noua
1136 2000 1229 2064 inter-

120 2125 259 2188 ueniente
281 2143 427 2206 persona,
452 2144 537 2188 noua
560 2125 700 2188 nascitur
724 2125 876 2206 obligatio
901 2131 932 2188 et
952 2124 1039 2206 prior
1060 2124 1178 2187 tollitur
1198 2124 1230 2187 in

119 2243 320 2330 posteriorem
348 2250 511 2313 translata.
559 2255 590 2312 et
617 2249 698 2313 adeo
722 2249 801 2312 baeo
825 2249 870 2312 ita
893 2256 973 2330 sunt,
997 2255 1030 2312 ut
1054 2249 1135 2312 etsi
1159 2255 1283 2313 oon-15

118 2371 214 2454 tingat
231 2373 466 2457 stipulationem
479 2394 549 2438 esse
562 2374 713 2454 inutilem,
738 2374 824 2458 prior
836 2374 961 2455 quidem
978 2375 1114 2461 tollatur,
1131 2374 1231 2437 altera

118 2517 188 2562 uero
211 2499 281 2563 iure
308 2500 528 2581 promissorem
552 2519 615 2563 non
640 2499 768 2581 obliget.
814 2499 913 2562 ueluti
932 2499 959 2562 si
982 2498 1024 2577 id,
1049 2498 1133 2578 quod
1156 2497 1232 2562 mihi

120 2621 217 2686 Titius
243 2623 389 2703 debebat,
415 2645 435 2686 a
458 2623 579 2706 pupillo
604 2623 671 2687 sine
687 2623 799 2688 tutoris
823 2623 1010 2686 auetoritate
1030 2623 1118 2686 fuero
1136 2621 1232 2704 stipu-

118 2747 211 2828 latus3
237 2749 270 2810 in
283 2749 341 2811 hoe
354 2767 431 2811 easu
448 2748 587 2811 debitum
604 2747 679 2812 mihi
695 2749 785 2830 perit,
810 2769 882 2812 nam
900 2753 931 2811 et
946 2745 1046 2810 Titius
1063 2741 1231 2811 nouatione

117 2870 269 2936 liberatur
297 2879 327 2936 et
355 2872 494 2955 pupillus
527 2891 589 2936 non
625 2872 784 2953 obligatur
810 2872 886 2935 mihi
912 2877 1020 2954 utpote
1049 2871 1102 2950 qui
1130 2876 1232 2934 tutore
1251 2875 1285 2924 20

117 3003 245 3060 auotore
269 3016 331 3060 non
355 2995 542 3079 promiserit.
589 3017 652 3060 non
675 2995 758 3061 idem
781 3002 887 3060 tamen
915 2995 990 3060 iuris
1015 3003 1076 3075 est,
1105 2995 1132 3058 si
1162 2994 1232 3076 quis

116 3141 132 3183 a
157 3141 252 3185 seruo
277 3121 415 3184 alienum
439 3121 522 3185 solni
545 3109 683 3184 debitum
707 3121 801 3184 l'uerit
828 3121 1003 3204 stipulatus.
1060 3140 1133 3183 nam
1161 3127 1233 3183 tune

116 3245 200 3326 prior
226 3244 377 3326 obligatio
401 3244 532 3327 proinde
550 3245 668 3310 intaeta
683 3252 798 3325 manet,
821 3264 859 3308 ao
876 3245 903 3310 si
919 3245 1006 3308 nulla
1021 3249 1132 3326 postea
1148 3243 1233 3308 faeta

116 3369 210 3433 fuerit
235 3369 402 3452 stipulatio.
439 3375 469 3433 et
483 3388 575 3434 nemo
593 3369 677 3434 dieat
693 3389 818 3434 seruum
834 3389 874 3433 ex
890 3369 1091 3452 stipulatione
1108 3375 1233 3432 natura
