3384 5314
602 459 642 467 -
689 387 754 487 '485
803 459 842 466 -

166 595 283 678 gratia,
312 616 381 662 eum
405 618 529 662 seruum
554 597 638 682 apud
665 618 715 664 me
744 598 944 682 deposuerim
973 598 1027 679 qui
1055 599 1278 681 aegrotauerit:

165 725 305 804 sumptus
328 721 390 786 feei
405 722 437 786 in
454 722 521 786 eins
537 723 757 787 ualetudinem.
797 741 851 788 eos
867 743 925 806 per
940 722 1076 807 depositi
1092 724 1279 788 eontrariam

165 865 185 906 a
200 850 231 908 te
247 850 360 928 petam.
397 846 478 911 aetio
496 867 619 928 quoque
636 867 692 930 pro
710 848 796 912 sooio
813 847 936 912 famosa
957 855 1013 914 est.
1061 847 1093 913 in
1109 848 1190 914 hano
1205 867 1280 912 uero

165 988 218 1048 ea,
249 989 329 1049 quae
358 971 397 1035 de
425 971 590 1036 contrariis
619 973 796 1037 actionibus
822 971 965 1054 diximua
994 993 1057 1038 non
1081 973 1210 1054 oadunt3
1240 973 1280 1036 ab
1344 1059 1346 1068 J

165 1100 297 1174 utraque
314 1095 397 1159 enim
413 1103 502 1178 parte
519 1096 602 1160 aetio
620 1097 740 1162 direeta
756 1103 814 1178 est,
832 1105 863 1162 et
879 1098 919 1161 ob
936 1097 968 1162 id
984 1097 1116 1178 quilibet
1132 1116 1171 1162 ex
1187 1095 1281 1162 soniis
1318 1111 1333 1161 5

166 1217 331 1283 damnatus
354 1219 528 1302 ignominia
550 1227 685 1286 notatur.
721 1221 898 1288 differentia
914 1227 1019 1286 antem
1043 1222 1124 1286 inter
1139 1222 1281 1286 actiones

166 1361 206 1406 ex
233 1343 356 1409 delictis
392 1351 423 1410 et
456 1366 510 1410 eas
546 1366 585 1410 ex
615 1347 826 1412 eontraetibns
862 1367 901 1410 ea
936 1353 998 1428 est,
1032 1346 1115 1427 qnod
1142 1345 1217 1409 furti
1251 1353 1282 1409 et

166 1473 340 1532 ceterorum
356 1469 389 1532 id
404 1489 503 1552 genus
520 1491 617 1536 eausa
633 1491 696 1536 non
712 1473 812 1536 solum
833 1471 887 1552 qui
903 1471 1069 1536 damnatus
1090 1477 1137 1535 est
1156 1475 1282 1534 notatur

166 1592 351 1678 ignominia,
381 1601 429 1660 set
452 1597 545 1660 etiam
571 1597 624 1678 qui
648 1605 737 1662 extra
760 1597 908 1662 iudicium
932 1603 1043 1680 paetus
1067 1602 1128 1661 eat:
1158 1595 1283 1659 uidetur

168 1719 250 1782 enim
273 1719 494 1786 liberationem
510 1743 530 1786 a
545 1743 650 1806 poena
665 1723 727 1788 eibi
742 1724 917 1788 obuentura
935 1721 1164 1802 quodammodo
1182 1720 1282 1803 pretio
1303 1732 1336 1782 10

169 1861 283 1925 emere,
308 1851 348 1928 et,
373 1845 445 1910 dum
469 1848 650 1930 paciscitur,
674 1868 765 1913 suum
780 1847 896 1914 fatetur
912 1847 1068 1911 delictum.
1106 1846 1139 1910 in
1154 1845 1283 1910 aetioni-

167 1969 225 2033 bus
248 1989 325 2036 uero
350 1991 390 2036 ex
413 1972 625 2038 eontraetibus
642 1973 808 2038 damnatus
823 1979 944 2038 tantum
959 1977 1099 2053 notatum
1124 1971 1177 2053 qui
1201 1971 1282 2034 enim

133 2101 157 2152 3.
168 2100 217 2158 eet
238 2101 349 2178 paetus
372 2097 589 2163 minerieordia
605 2098 719 2180 dignus
735 2099 932 2164 iudicabitur.
970 2101 1000 2165 3.
1017 2097 1161 2163 Omnium
1178 2103 1283 2160 autem

169 2219 324 2285 aetionnm
348 2221 608 2287 instituendarum
632 2223 818 2307 prineipium
842 2244 862 2288 a
885 2207 974 2288 titulo
999 2223 1053 2286 ‘de
1077 2223 1114 2285 in
1134 2221 1194 2286 ius
1218 2241 1282 2284 uo·

169 2344 296 2410 eando’
320 2347 477 2428 praetoris
506 2345 621 2434 [edieti]
646 2347 867 2430 profioiseitur:
900 2368 973 2411 nam
1002 2347 1055 2428 qni
1083 2367 1153 2410 eum
1177 2346 1282 2427 aliquo
1304 2359 1336 2410 15

169 2489 265 2552 agere
288 2471 369 2552 uult,
397 2470 615 2554 magistratum
644 2471 732 2536 adire
761 2472 855 2536 debet
882 2478 913 2536 et
940 2473 985 2536 ita
1012 2472 1228 2536 aduersarium
1252 2471 1284 2534 in

168 2593 317 2660 iudicium
340 2615 465 2662 noeane.
511 2595 559 2660 sin
583 2616 658 2661 uero
682 2617 798 2682 parens
821 2603 883 2678 est,
913 2598 965 2677 qui
992 2597 1025 2661 in
1051 2595 1202 2660 iudioium
1228 2615 1283 2660 uo·

169 2727 267 2802 eatur,
292 2727 347 2786 aut
369 2729 520 2805 patronus
544 2743 564 2787 a
586 2722 714 2803 liberto,
746 2722 910 2806 patroniue
933 2727 1081 2805 parentes
1105 2727 1159 2786 aut
1181 2720 1283 2800 liberi,
1367 2789 1372 2799 Ι

168 2846 264 2912 nenia
286 2847 328 2910 ab
352 2865 390 2910 eo
414 2846 551 2930 petenda
574 2853 631 2912 est.
667 2853 698 2911 et
720 2847 748 2912 si
763 2847 859 2911 uenia
880 2866 943 2911 non
958 2846 1058 2930 petita
1081 2845 1113 2910 in
1135 2845 1284 2910 iudicium

169 2977 335 3055 uocantur,
358 2969 531 3036 infactum
555 2973 638 3037 aetio
662 2972 815 3038 aduersus
839 2977 989 3036 necantes
1013 2971 1151 3051 dabitur,
1177 2971 1230 3050 qui
1253 2970 1285 3032 in
1304 2977 1339 3031 20

171 3096 196 3158 L
220 3095 338 3160 solidos
361 3097 657 3161 condemnabuntur.
