3154 5338
539 393 770 458 —305-

106 579 180 642 natis
196 577 352 658 anteferri,
375 577 445 642 ideo
461 584 588 660 praetor
604 578 708 644 decem
728 597 888 661 personas,
907 597 989 660 quae
1003 577 1061 643 tibi
1076 577 1213 660 potiores

105 697 256 764 habendae
279 705 384 764 essent
405 701 437 764 in
460 701 656 778 successione
679 700 719 766 ab
741 702 900 780 intestato,
924 703 1067 781 uocauit,
1096 702 1214 768 scilicet

104 815 193 882 filium
208 817 304 882 filiam
319 823 465 901 nepotem
480 825 605 901 neptem
621 824 686 884 tam
702 839 738 884 ex
753 819 817 884 filio
833 839 928 902 qnam
944 840 981 885 ex
995 820 1067 900 filia,
1091 826 1214 903 patrem

103 941 227 1002 matrem
250 957 345 1002 auum
372 939 476 1003 auiam
503 943 569 1003 tam
596 944 744 1021 paternos
767 957 860 1020 quam
888 945 1061 1020 maternos,
1084 939 1214 1005 fratrem

104 1075 245 1122 sororem.
291 1058 348 1124 hos
376 1059 475 1140 igitur
497 1065 644 1125 extraneo
666 1060 817 1142 praetulit
839 1060 1060 1125 manumissori
1085 1061 1248 1126 »undet

103 1177 225 1243 decem
255 1197 477 1260 personae«
513 1178 667 1245 bonorum
700 1180 929 1262 possessionem
962 1179 1137 1262 pollicitus:
1176 1198 1214 1244 ex

102 1315 223 1362 numero
253 1299 335 1363 enim
365 1318 474 1364 eorum
503 1300 558 1381 qui
586 1305 693 1382 petere
721 1305 855 1383 possunt
884 1300 1000 1382 adepta
1025 1303 1075 1365 est
1100 1317 1213 1364 nomen

102 1418 262 1497 possessio.
285 1424 432 1499 quartam
450 1419 574 1484 »unde
589 1421 796 1502 cognatm:
819 1421 962 1502 quintam
981 1424 1085 1484 »tum
1100 1437 1213 1500 quam

101 1555 139 1600 ex
158 1535 334 1602 familia«
360 1543 409 1603 est
429 1539 595 1621 pollicitus.
619 1540 706 1604 locus
729 1545 778 1604 est
796 1539 869 1604 huic
888 1540 920 1603 in
934 1538 1113 1604 huiusmodi
1128 1556 1212 1604 casn.

100 1655 223 1722 libertus
248 1657 375 1739 qnidam
397 1664 539 1724 mortuus
566 1664 615 1724 est
637 1659 704 1724 sine
725 1658 846 1737 liberis,
869 1658 1055 1735 intestatus,
1077 1662 1212 1739 patrono
1233 1667 1264 1718 10

100 1794 155 1840 non
177 1781 313 1842 extante.
349 1777 478 1859 adgnati
500 1780 625 1860 patroni
648 1778 688 1843 ad
704 1778 809 1844 liberti
824 1778 907 1843 bona
922 1778 1049 1842 uenient
1070 1796 1107 1842 ex
1131 1777 1215 1842 dicta

99 1896 246 1962 bonorum
268 1899 498 1978 possessionem
524 1904 628 1964 »tum
658 1919 774 1981 quam
803 1918 845 1964 ex
867 1897 1058 1964 familia«.
1093 1902 1214 1962 sextam

99 2018 361 2097 excogitauit,
389 2023 586 2100 patronoque
608 2024 640 2084 et
661 2024 796 2100 patrona
818 2017 920 2096 dedit,
944 2023 976 2082 et
998 2017 1213 2083 adscendenti-

99 2135 151 2201 bus
173 2142 205 2201 et
227 2137 488 2202 descendentibus
511 2156 628 2217 eorum,
652 2157 746 2219 quam
769 2138 911 2203 uocauit:
938 2130 1063 2202 »unde
1091 2137 1215 2202 liberi

98 2257 253 2336 patroni
280 2263 549 2341 patronaeque
578 2264 616 2324 et
642 2265 830 2340 parentes
859 2278 1032 2324 eorum«.
1077 2258 1104 2322 si
1131 2257 1213 2322 enim
1235 2268 1264 2317 15

99 2382 235 2442 mortuus
259 2377 391 2442 libertus
413 2379 470 2456 sit,
499 2398 535 2443 ac
557 2379 702 2460 deinceps
724 2379 849 2460 patroni
870 2383 1084 2460 patronaeque
1105 2378 1157 2442 uel
1178 2377 1214 2441 li-

99 2494 160 2559 beri
182 2514 294 2562 eorum
316 2502 423 2578 petere
445 2498 605 2563 noluerint
633 2499 862 2580 possessionem
890 2497 995 2562 unde
1021 2498 1212 2579 legitimi,

97 2616 268 2696 spatiumve
298 2617 447 2698 temporis
476 2617 630 2698 petendae
656 2617 861 2698 possessionis
891 2617 1090 2699 praeterierit
1123 2618 1212 2702 (una-

97 2753 235 2817 quaeque
265 2719 354 2801 enim'
376 2737 531 2802 bonorum
556 2737 713 2819 possessio
742 2741 828 2802 certo
851 2727 1040 2802 terminatur
1061 2741 1212 2818 tempore,

98 2859 130 2916 ut
160 2854 293 2920 inferius
333 2856 521 2922 admonendi
561 2856 700 2938 sumus),
738 2855 845 2937 neque‘
876 2857 1024 2938 petierint
1059 2856 1213 2921 bonorum
1231 2866 1265 2916 20

98 2975 324 3053 possessionem
350 2981 454 3040 ntum
477 2995 591 3057 quam
614 2995 655 3040 ex
684 2975 874 3054 familia«,
904 2981 1037 3057 possunt
1066 2995 1103 3041 ex
1125 2994 1214 3058 prae-

97 3095 171 3158 senti
193 3095 394 3176 possessione
423 3096 590 3161 succedere
617 3102 673 3161 aut
699 3096 759 3178 ipsi
780 3096 922 3177 patroni,
954 3100 1023 3174 aut,
1052 3096 1128 3176 ipsis
1151 3115 1213 3160 non

96 3215 303 3292 exstantibus,
333 3215 422 3280 liberi
453 3234 562 3280 eorum
588 3216 641 3281 uel
662 3221 809 3298 parentes
839 3221 1045 3297 patronorum
1067 3220 1214 3296 patrona·

96 3351 234 3415 mmqua.
270 3335 404 3416 septimo
427 3336 494 3400 loco
517 3331 646 3400 inuenit¹
659 3335 813 3400 bonorum
835 3335 1064 3416 possessionem
1089 3334 1214 3400 »unde

96 3452 152 3516 uir
173 3460 212 3518 et
234 3473 368 3520 uxor«.
414 3455 440 3519 si
463 3455 545 3519 enim
568 3455 637 3536 quis
660 3455 815 3519 moriatur
836 3455 1021 3533 intestatus,
1050 3454 1136 3518 nullo
1166 3473 1214 3518 re·
1231 3461 1263 3511 25

96 3571 162 3638 licto
185 3580 336 3656 cognato,
360 3575 412 3639 uel
433 3576 545 3640 mulier
574 3576 725 3641 intestata
746 3575 916 3654 moriatur,
945 3575 1099 3640 neminem
1122 3573 1213 3639 relin-

97 3709 189 3774 quens
214 3695 271 3776 qui
294 3695 567 3777 exsuperioribus
590 3695 744 3760 bonorum
766 3694 1015 3777 possessionibus
1037 3693 1138 3774 possit
1159 3711 1213 3757 uo-

469 5000 474 5008 »
791 5001 805 5009 ι.
1082 5001 1092 5008 μ

1085 5033 1128 5042 ...-

566 5309 573 5313 .
801 5304 805 5311 ι
1045 5306 1047 5309 ,
1059 5306 1061 5308 .
