<?xml version="1.0" encoding="UTF-8"?>
<!DOCTYPE html PUBLIC "-//W3C//DTD XHTML 1.0 Transitional//EN"
    "http://www.w3.org/TR/xhtml1/DTD/xhtml1-transitional.dtd">
<html xmlns="http://www.w3.org/1999/xhtml" xml:lang="en" lang="en">
 <head>
  <title>
</title>
<meta http-equiv="Content-Type" content="text/html;charset=utf-8" />
  <meta name='ocr-system' content='tesseract 3.04.00' />
  <meta name='ocr-capabilities' content='ocr_page ocr_carea ocr_par ocr_line ocrx_word'/>
</head>
<body>
  <div class='ocr_page' id='page_1' title='image "./institutionumgr01linggoog_0393.png"; bbox 0 0 3328 5318; ppageno 0'>
   <div class='ocr_carea' id='block_1_1' title="bbox 559 378 799 442">
    <p class='ocr_par' dir='ltr' id='par_1_1' title="bbox 559 378 799 442">
     <span class='ocr_line' id='line_1_1' title="bbox 559 378 799 442; baseline 0.008 -2"><span class='ocrx_word' id='word_1_1' title='bbox 559 412 600 422; x_wconf 88' lang='grc'>-</span> <span class='ocrx_word' id='word_1_2' title='bbox 647 378 711 442; x_wconf 80' lang='lat'>442</span> <span class='ocrx_word' id='word_1_3' title='bbox 758 414 799 422; x_wconf 78' lang='lat'>--</span> 
     </span>
    </p>
   </div>
   <div class='ocr_carea' id='block_1_2' title="bbox 61 551 1286 2870">
    <p class='ocr_par' dir='ltr' id='par_1_2' title="bbox 61 551 1286 2870">
     <span class='ocr_line' id='line_1_2' title="bbox 126 551 1234 632; baseline 0.003 -18"><span class='ocrx_word' id='word_1_4' title='bbox 126 551 230 616; x_wconf 79' lang='lat' dir='ltr'>dotem</span> <span class='ocrx_word' id='word_1_5' title='bbox 252 551 402 632; x_wconf 74' lang='lat' dir='ltr'>minuunt,</span> <span class='ocrx_word' id='word_1_6' title='bbox 425 571 487 616; x_wconf 86' lang='lat' dir='ltr'>uon</span> <span class='ocrx_word' id='word_1_7' title='bbox 508 551 739 616; x_wconf 78' lang='lat' dir='ltr'>condemnator</span> <span class='ocrx_word' id='word_1_8' title='bbox 754 553 787 616; x_wconf 88' lang='lat' dir='ltr'>in</span> <span class='ocrx_word' id='word_1_9' title='bbox 801 553 834 616; x_wconf 89' lang='lat' dir='ltr'><strong>M</strong></span> <span class='ocrx_word' id='word_1_10' title='bbox 849 573 962 617; x_wconf 84' lang='lat' dir='ltr'>aureos</span> <span class='ocrx_word' id='word_1_11' title='bbox 985 557 1033 617; x_wconf 88' lang='lat' dir='ltr'>set</span> <span class='ocrx_word' id='word_1_12' title='bbox 1051 553 1084 616; x_wconf 93' lang='lat' dir='ltr'>in</span> <span class='ocrx_word' id='word_1_13' title='bbox 1099 552 1234 618; x_wconf 76' lang='lat' dir='ltr'>Deduc</span> 
     </span>
     <span class='ocr_line' id='line_1_3' title="bbox 125 675 1235 760; baseline 0.003 -22"><span class='ocrx_word' id='word_1_14' title='bbox 125 681 259 756; x_wconf 84' lang='lat' dir='ltr'>tautum,</span> <span class='ocrx_word' id='word_1_15' title='bbox 288 675 453 740; x_wconf 84' lang='lat' dir='ltr'>dummodo</span> <span class='ocrx_word' id='word_1_16' title='bbox 481 676 681 741; x_wconf 75' lang='lat' dir='ltr'>necessariae</span> <span class='ocrx_word' id='word_1_17' title='bbox 709 677 824 741; x_wconf 85' lang='lat' dir='ltr'>fuerint</span> <span class='ocrx_word' id='word_1_18' title='bbox 850 678 1024 760; x_wconf 88' lang='lat' dir='ltr'>impensac;</span> <span class='ocrx_word' id='word_1_19' title='bbox 1053 683 1087 741; x_wconf 87' lang='lat' dir='ltr'>ut</span> <span class='ocrx_word' id='word_1_20' title='bbox 1110 697 1183 742; x_wconf 87' lang='lat' dir='ltr'>ecce</span> <span class='ocrx_word' id='word_1_21' title='bbox 1207 677 1235 742; x_wconf 91' lang='lat' dir='ltr'>si</span> 
     </span>
     <span class='ocr_line' id='line_1_4' title="bbox 126 798 1233 883; baseline 0.002 -20"><span class='ocrx_word' id='word_1_22' title='bbox 126 798 221 864; x_wconf 87' lang='lat' dir='ltr'>aedes</span> <span class='ocrx_word' id='word_1_23' title='bbox 250 800 365 864; x_wconf 87' lang='lat' dir='ltr'>collabi</span> <span class='ocrx_word' id='word_1_24' title='bbox 393 801 590 883; x_wconf 73' lang='lat' dir='ltr'>contigisset,</span> <span class='ocrx_word' id='word_1_25' title='bbox 618 801 679 865; x_wconf 89' lang='lat' dir='ltr'>nisi</span> <span class='ocrx_word' id='word_1_26' title='bbox 707 801 749 864; x_wconf 91' lang='lat' dir='ltr'>ad</span> <span class='ocrx_word' id='word_1_27' title='bbox 778 821 832 866; x_wconf 90' lang='lat' dir='ltr'>eas</span> <span class='ocrx_word' id='word_1_28' title='bbox 859 801 1044 866; x_wconf 85' lang='lat' dir='ltr'>reficiendas</span> <span class='ocrx_word' id='word_1_29' title='bbox 1073 802 1233 866; x_wconf 81' lang='lat' dir='ltr'>Caureos</span> 
     </span>
     <span class='ocr_line' id='line_1_5' title="bbox 124 923 1233 1008; baseline 0.002 -20"><span class='ocrx_word' id='word_1_30' title='bbox 124 923 355 1007; x_wconf 87' lang='lat' dir='ltr'>impendissem.</span> <span class='ocrx_word' id='word_1_31' title='bbox 405 925 511 1005; x_wconf 90' lang='lat' dir='ltr'>itaque</span> <span class='ocrx_word' id='word_1_32' title='bbox 550 925 702 990; x_wconf 89' lang='lat' dir='ltr'>eiusmodi</span> <span class='ocrx_word' id='word_1_33' title='bbox 735 927 910 990; x_wconf 89' lang='lat' dir='ltr'>retentione</span> <span class='ocrx_word' id='word_1_34' title='bbox 944 934 1028 1008; x_wconf 88' lang='lat' dir='ltr'>utar,</span> <span class='ocrx_word' id='word_1_35' title='bbox 1063 947 1144 1006; x_wconf 88' lang='lat' dir='ltr'>quae</span> <span class='ocrx_word' id='word_1_36' title='bbox 1178 927 1233 989; x_wconf 88' lang='lat' dir='ltr'>‘ob</span> 
     </span>
     <span class='ocr_line' id='line_1_6' title="bbox 124 1047 1286 1134; baseline 0.005 -24"><span class='ocrx_word' id='word_1_37' title='bbox 124 1047 323 1130; x_wconf 83' lang='lat' dir='ltr'>impensas&#39;</span> <span class='ocrx_word' id='word_1_38' title='bbox 349 1048 468 1112; x_wconf 89' lang='lat' dir='ltr'>dicitur.</span> <span class='ocrx_word' id='word_1_39' title='bbox 515 1055 563 1114; x_wconf 91' lang='lat' dir='ltr'>set</span> <span class='ocrx_word' id='word_1_40' title='bbox 585 1050 663 1114; x_wconf 88' lang='lat' dir='ltr'>haec</span> <span class='ocrx_word' id='word_1_41' title='bbox 692 1051 796 1114; x_wconf 90' lang='lat' dir='ltr'>omnia</span> <span class='ocrx_word' id='word_1_42' title='bbox 823 1051 945 1134; x_wconf 91' lang='lat' dir='ltr'>plenius</span> <span class='ocrx_word' id='word_1_43' title='bbox 975 1071 1014 1114; x_wconf 87' lang='lat' dir='ltr'>cx</span> <span class='ocrx_word' id='word_1_44' title='bbox 1042 1051 1234 1132; x_wconf 90' lang='lat' dir='ltr'>digestorum</span> <span class='ocrx_word' id='word_1_45' title='bbox 1259 1065 1286 1116; x_wconf 77' lang='lat'>&#39;5</span> 
     </span>
     <span class='ocr_line' id='line_1_7' title="bbox 69 1172 1233 1258; baseline 0.007 -28"><span class='ocrx_word' id='word_1_46' title='bbox 69 1181 113 1230; x_wconf 82' lang='lat'>38.</span> <span class='ocrx_word' id='word_1_47' title='bbox 123 1172 213 1236; x_wconf 89' lang='lat' dir='ltr'>libris</span> <span class='ocrx_word' id='word_1_48' title='bbox 242 1193 432 1254; x_wconf 73' lang='lat' dir='ltr'>cognoscere</span> <span class='ocrx_word' id='word_1_49' title='bbox 459 1174 542 1238; x_wconf 91' lang='lat' dir='ltr'>licet.</span> <span class='ocrx_word' id='word_1_50' title='bbox 589 1178 639 1241; x_wconf 79' lang='lat'>38.</span> <span class='ocrx_word' id='word_1_51' title='bbox 663 1175 697 1239; x_wconf 87' lang='lat' dir='ltr'>Si</span> <span class='ocrx_word' id='word_1_52' title='bbox 725 1175 794 1254; x_wconf 88' lang='lat' dir='ltr'>quis</span> <span class='ocrx_word' id='word_1_53' title='bbox 821 1195 890 1240; x_wconf 92' lang='lat' dir='ltr'>cum</span> <span class='ocrx_word' id='word_1_54' title='bbox 918 1181 1048 1258; x_wconf 85' lang='lat' dir='ltr'>parente</span> <span class='ocrx_word' id='word_1_55' title='bbox 1072 1195 1128 1239; x_wconf 91' lang='lat' dir='ltr'>suo</span> <span class='ocrx_word' id='word_1_56' title='bbox 1152 1177 1233 1257; x_wconf 86' lang='lat' dir='ltr'>(cum</span> 
     </span>
     <span class='ocr_line' id='line_1_8' title="bbox 124 1297 1232 1392; baseline 0.004 -33"><span class='ocrx_word' id='word_1_57' title='bbox 124 1315 237 1379; x_wconf 90' lang='lat' dir='ltr'>nempe</span> <span class='ocrx_word' id='word_1_58' title='bbox 261 1297 475 1381; x_wconf 90' lang='lat' dir='ltr'>emancipatus</span> <span class='ocrx_word' id='word_1_59' title='bbox 499 1299 551 1382; x_wconf 85' lang='lat' dir='ltr'>sit)</span> <span class='ocrx_word' id='word_1_60' title='bbox 579 1306 752 1382; x_wconf 90' lang='lat' dir='ltr'>patronoue</span> <span class='ocrx_word' id='word_1_61' title='bbox 781 1319 974 1392; x_wconf 86' lang='lat' dir='ltr'>quocumque</span> <span class='ocrx_word' id='word_1_62' title='bbox 1003 1299 1118 1363; x_wconf 89' lang='lat' dir='ltr'>iudicio</span> <span class='ocrx_word' id='word_1_63' title='bbox 1147 1304 1232 1381; x_wconf 90' lang='lat' dir='ltr'>agat,</span> 
     </span>
     <span class='ocr_line' id='line_1_9' title="bbox 124 1421 1232 1506; baseline 0.004 -23"><span class='ocrx_word' id='word_1_64' title='bbox 124 1421 176 1484; x_wconf 87' lang='lat' dir='ltr'>uel</span> <span class='ocrx_word' id='word_1_65' title='bbox 199 1421 227 1484; x_wconf 91' lang='lat' dir='ltr'>si</span> <span class='ocrx_word' id='word_1_66' title='bbox 250 1422 354 1486; x_wconf 89' lang='lat' dir='ltr'>socius</span> <span class='ocrx_word' id='word_1_67' title='bbox 370 1442 439 1486; x_wconf 93' lang='lat' dir='ltr'>cum</span> <span class='ocrx_word' id='word_1_68' title='bbox 455 1423 540 1487; x_wconf 87' lang='lat' dir='ltr'>socio</span> <span class='ocrx_word' id='word_1_69' title='bbox 563 1423 679 1488; x_wconf 86' lang='lat' dir='ltr'>iudicio</span> <span class='ocrx_word' id='word_1_70' title='bbox 696 1425 855 1488; x_wconf 91' lang='lat' dir='ltr'>societatis</span> <span class='ocrx_word' id='word_1_71' title='bbox 873 1430 957 1506; x_wconf 85' lang='lat' dir='ltr'>agat,</span> <span class='ocrx_word' id='word_1_72' title='bbox 982 1444 1045 1488; x_wconf 91' lang='lat' dir='ltr'>non</span> <span class='ocrx_word' id='word_1_73' title='bbox 1063 1425 1146 1488; x_wconf 88' lang='lat' dir='ltr'>ultra</span> <span class='ocrx_word' id='word_1_74' title='bbox 1161 1444 1232 1488; x_wconf 86' lang='lat' dir='ltr'>rcus</span> 
     </span>
     <span class='ocr_line' id='line_1_10' title="bbox 123 1546 1232 1628; baseline 0.003 -20"><span class='ocrx_word' id='word_1_75' title='bbox 123 1546 224 1609; x_wconf 88' lang='lat' dir='ltr'>actori</span> <span class='ocrx_word' id='word_1_76' title='bbox 254 1547 524 1628; x_wconf 79' lang='lat' dir='ltr'>condemnabitur,</span> <span class='ocrx_word' id='word_1_77' title='bbox 556 1569 649 1628; x_wconf 90' lang='lat' dir='ltr'>quam</span> <span class='ocrx_word' id='word_1_78' title='bbox 678 1549 744 1612; x_wconf 91' lang='lat' dir='ltr'>cius</span> <span class='ocrx_word' id='word_1_79' title='bbox 774 1549 940 1612; x_wconf 83' lang='lat' dir='ltr'>facultates</span> <span class='ocrx_word' id='word_1_80' title='bbox 971 1549 1121 1613; x_wconf 88' lang='lat' dir='ltr'>soluendo</span> <span class='ocrx_word' id='word_1_81' title='bbox 1154 1556 1232 1612; x_wconf 90' lang='lat' dir='ltr'>sunt.</span> 
     </span>
     <span class='ocr_line' id='line_1_11' title="bbox 123 1669 1286 1755; baseline 0.002 -23"><span class='ocrx_word' id='word_1_82' title='bbox 123 1669 208 1733; x_wconf 88' lang='lat' dir='ltr'>idem</span> <span class='ocrx_word' id='word_1_83' title='bbox 235 1671 386 1734; x_wconf 89' lang='lat' dir='ltr'>estetsi</span> <span class='ocrx_word' id='word_1_84' title='bbox 410 1671 548 1735; x_wconf 88' lang='lat' dir='ltr'>donandi</span> <span class='ocrx_word' id='word_1_85' title='bbox 575 1673 678 1736; x_wconf 86' lang='lat' dir='ltr'>animo</span> <span class='ocrx_word' id='word_1_86' title='bbox 707 1671 830 1736; x_wconf 82' lang='lat' dir='ltr'>cuidem</span> <span class='ocrx_word' id='word_1_87' title='bbox 855 1671 879 1735; x_wconf 82' lang='lat' dir='ltr'>C</span> <span class='ocrx_word' id='word_1_88' title='bbox 903 1692 1014 1736; x_wconf 86' lang='lat' dir='ltr'>aureos</span> <span class='ocrx_word' id='word_1_89' title='bbox 1039 1673 1231 1755; x_wconf 86' lang='lat' dir='ltr'>promittam;</span> <span class='ocrx_word' id='word_1_90' title='bbox 1253 1682 1286 1734; x_wconf 93' lang='lat'>10</span> 
     </span>
     <span class='ocr_line' id='line_1_12' title="bbox 122 1794 1231 1878; baseline 0.003 -22"><span class='ocrx_word' id='word_1_91' title='bbox 122 1813 187 1856; x_wconf 93' lang='lat' dir='ltr'>non</span> <span class='ocrx_word' id='word_1_92' title='bbox 217 1794 299 1858; x_wconf 88' lang='lat' dir='ltr'>enim</span> <span class='ocrx_word' id='word_1_93' title='bbox 329 1796 411 1858; x_wconf 85' lang='lat' dir='ltr'>ultra</span> <span class='ocrx_word' id='word_1_94' title='bbox 445 1796 647 1860; x_wconf 87' lang='lat' dir='ltr'>condemnari</span> <span class='ocrx_word' id='word_1_95' title='bbox 681 1795 792 1876; x_wconf 88' lang='lat' dir='ltr'>debeo,</span> <span class='ocrx_word' id='word_1_96' title='bbox 829 1815 922 1875; x_wconf 91' lang='lat' dir='ltr'>quam</span> <span class='ocrx_word' id='word_1_97' title='bbox 956 1796 1062 1860; x_wconf 89' lang='lat' dir='ltr'>facere</span> <span class='ocrx_word' id='word_1_98' title='bbox 1096 1816 1231 1878; x_wconf 90' lang='lat' dir='ltr'>possum.</span> 
     </span>
     <span class='ocr_line' id='line_1_13' title="bbox 68 1917 1232 2002; baseline 0 -19"><span class='ocrx_word' id='word_1_99' title='bbox 68 1927 112 1976; x_wconf 82' lang='lat'>39.</span> <span class='ocrx_word' id='word_1_100' title='bbox 124 1921 175 1984; x_wconf 82' lang='lat'>39.</span> <span class='ocrx_word' id='word_1_101' title='bbox 200 1917 478 2002; x_wconf 79' lang='lat' dir='ltr'>Compensationes</span> <span class='ocrx_word' id='word_1_102' title='bbox 502 1939 624 2001; x_wconf 91' lang='lat' dir='ltr'>quoque</span> <span class='ocrx_word' id='word_1_103' title='bbox 645 1920 808 2002; x_wconf 90' lang='lat' dir='ltr'>oppositae</span> <span class='ocrx_word' id='word_1_104' title='bbox 824 1919 1007 2002; x_wconf 88' lang='lat' dir='ltr'>plemmque</span> <span class='ocrx_word' id='word_1_105' title='bbox 1031 1919 1176 2000; x_wconf 88' lang='lat' dir='ltr'>efficiunt,</span> <span class='ocrx_word' id='word_1_106' title='bbox 1199 1927 1232 1983; x_wconf 93' lang='lat' dir='ltr'>ut</span> 
     </span>
     <span class='ocr_line' id='line_1_14' title="bbox 122 2041 1232 2125; baseline 0.003 -21"><span class='ocrx_word' id='word_1_107' title='bbox 122 2041 225 2106; x_wconf 91' lang='lat' dir='ltr'>minus</span> <span class='ocrx_word' id='word_1_108' title='bbox 260 2048 348 2107; x_wconf 91' lang='lat' dir='ltr'>actor</span> <span class='ocrx_word' id='word_1_109' title='bbox 380 2049 601 2124; x_wconf 87' lang='lat' dir='ltr'>consequatur,</span> <span class='ocrx_word' id='word_1_110' title='bbox 638 2064 730 2125; x_wconf 89' lang='lat' dir='ltr'>quam</span> <span class='ocrx_word' id='word_1_111' title='bbox 761 2045 911 2124; x_wconf 89' lang='lat' dir='ltr'>consequi</span> <span class='ocrx_word' id='word_1_112' title='bbox 945 2044 1056 2108; x_wconf 91' lang='lat' dir='ltr'>studet.</span> <span class='ocrx_word' id='word_1_113' title='bbox 1102 2064 1175 2107; x_wconf 91' lang='lat' dir='ltr'>nam</span> <span class='ocrx_word' id='word_1_114' title='bbox 1205 2045 1232 2108; x_wconf 94' lang='lat' dir='ltr'>si</span> 
     </span>
     <span class='ocr_line' id='line_1_15' title="bbox 120 2168 1230 2252; baseline 0.003 -22"><span class='ocrx_word' id='word_1_115' title='bbox 120 2187 243 2232; x_wconf 91' lang='lat' dir='ltr'>mecum</span> <span class='ocrx_word' id='word_1_116' title='bbox 260 2168 326 2249; x_wconf 86' lang='lat' dir='ltr'>agit</span> <span class='ocrx_word' id='word_1_117' title='bbox 340 2169 370 2231; x_wconf 91' lang='lat' dir='ltr'>X</span> <span class='ocrx_word' id='word_1_118' title='bbox 388 2188 500 2234; x_wconf 89' lang='lat' dir='ltr'>aureos</span> <span class='ocrx_word' id='word_1_119' title='bbox 516 2175 635 2252; x_wconf 88' lang='lat' dir='ltr'>petens,</span> <span class='ocrx_word' id='word_1_120' title='bbox 660 2169 794 2232; x_wconf 90' lang='lat' dir='ltr'>inuicem</span> <span class='ocrx_word' id='word_1_121' title='bbox 817 2169 892 2232; x_wconf 94' lang='lat' dir='ltr'>mihi</span> <span class='ocrx_word' id='word_1_122' title='bbox 908 2187 1021 2232; x_wconf 87' lang='lat' dir='ltr'>aureos</span> <span class='ocrx_word' id='word_1_123' title='bbox 1036 2169 1084 2232; x_wconf 90' lang='lat' dir='ltr'>HI</span> <span class='ocrx_word' id='word_1_124' title='bbox 1102 2169 1230 2250; x_wconf 90' lang='lat' dir='ltr'>debens,</span> 
     </span>
     <span class='ocr_line' id='line_1_16' title="bbox 119 2292 1283 2375; baseline -0.001 -21"><span class='ocrx_word' id='word_1_125' title='bbox 119 2292 151 2354; x_wconf 91' lang='lat' dir='ltr'>in</span> <span class='ocrx_word' id='word_1_126' title='bbox 175 2293 233 2355; x_wconf 86' lang='lat' dir='ltr'>VII</span> <span class='ocrx_word' id='word_1_127' title='bbox 257 2292 498 2374; x_wconf 80' lang='lat' dir='ltr'>condemnator,</span> <span class='ocrx_word' id='word_1_128' title='bbox 523 2293 614 2358; x_wconf 88' lang='lat' dir='ltr'>sicuti</span> <span class='ocrx_word' id='word_1_129' title='bbox 630 2293 772 2375; x_wconf 90' lang='lat' dir='ltr'>superius</span> <span class='ocrx_word' id='word_1_130' title='bbox 796 2293 991 2358; x_wconf 89' lang='lat' dir='ltr'>dictumest.</span> <span class='ocrx_word' id='word_1_131' title='bbox 1030 2293 1102 2356; x_wconf 91' lang='lat' dir='ltr'>ideo</span> <span class='ocrx_word' id='word_1_132' title='bbox 1127 2299 1230 2356; x_wconf 91' lang='lat' dir='ltr'>autem</span> <span class='ocrx_word' id='word_1_133' title='bbox 1251 2303 1283 2353; x_wconf 83' lang='lat'>15</span> 
     </span>
     <span class='ocr_line' id='line_1_17' title="bbox 120 2416 1230 2500; baseline 0 -20"><span class='ocrx_word' id='word_1_134' title='bbox 120 2417 360 2498; x_wconf 86' lang='lat' dir='ltr'>‘plerumque&#39;</span> <span class='ocrx_word' id='word_1_135' title='bbox 392 2417 470 2497; x_wconf 81' lang='lat' dir='ltr'>dixi,</span> <span class='ocrx_word' id='word_1_136' title='bbox 507 2418 581 2496; x_wconf 86' lang='lat' dir='ltr'>quia</span> <span class='ocrx_word' id='word_1_137' title='bbox 615 2417 643 2480; x_wconf 91' lang='lat' dir='ltr'>si</span> <span class='ocrx_word' id='word_1_138' title='bbox 677 2417 854 2500; x_wconf 92' lang='lat' dir='ltr'>oppositum</span> <span class='ocrx_word' id='word_1_139' title='bbox 890 2417 931 2479; x_wconf 91' lang='lat' dir='ltr'>ad</span> <span class='ocrx_word' id='word_1_140' title='bbox 966 2416 1230 2498; x_wconf 87' lang='lat' dir='ltr'>compensandum</span> 
     </span>
     <span class='ocr_line' id='line_1_18' title="bbox 82 2541 1231 2623; baseline 0.001 -20"><span class='ocrx_word' id='word_1_141' title='bbox 82 2545 87 2552; x_wconf 85' lang='lat'>&#39;</span> <span class='ocrx_word' id='word_1_142' title='bbox 118 2541 258 2604; x_wconf 87' lang='lat' dir='ltr'>debitum</span> <span class='ocrx_word' id='word_1_143' title='bbox 280 2560 343 2604; x_wconf 90' lang='lat' dir='ltr'>uon</span> <span class='ocrx_word' id='word_1_144' title='bbox 365 2541 476 2623; x_wconf 91' lang='lat' dir='ltr'>liquet,</span> <span class='ocrx_word' id='word_1_145' title='bbox 503 2541 704 2606; x_wconf 89' lang='lat' dir='ltr'>nihilominus</span> <span class='ocrx_word' id='word_1_146' title='bbox 733 2548 821 2606; x_wconf 89' lang='lat' dir='ltr'>actor</span> <span class='ocrx_word' id='word_1_147' title='bbox 843 2541 874 2604; x_wconf 88' lang='lat' dir='ltr'>id</span> <span class='ocrx_word' id='word_1_148' title='bbox 900 2541 982 2620; x_wconf 90' lang='lat' dir='ltr'>quod</span> <span class='ocrx_word' id='word_1_149' title='bbox 1011 2541 1072 2604; x_wconf 89' lang='lat' dir='ltr'>sibi</span> <span class='ocrx_word' id='word_1_150' title='bbox 1100 2541 1231 2605; x_wconf 86' lang='lat' dir='ltr'>debetur</span> 
     </span>
     <span class='ocr_line' id='line_1_19' title="bbox 61 2663 1229 2746; baseline 0.001 -19"><span class='ocrx_word' id='word_1_151' title='bbox 61 2671 104 2720; x_wconf 87' lang='grc'>40.</span> <span class='ocrx_word' id='word_1_152' title='bbox 116 2665 149 2727; x_wconf 94' lang='lat' dir='ltr'>in</span> <span class='ocrx_word' id='word_1_153' title='bbox 173 2663 307 2728; x_wconf 92' lang='lat' dir='ltr'>solidum</span> <span class='ocrx_word' id='word_1_154' title='bbox 323 2672 537 2745; x_wconf 85' lang='lat' dir='ltr'>consequetur.</span> <span class='ocrx_word' id='word_1_155' title='bbox 573 2669 624 2732; x_wconf 82' lang='lat'>40.</span> <span class='ocrx_word' id='word_1_156' title='bbox 642 2666 743 2730; x_wconf 86' lang='lat' dir='ltr'>Titius</span> <span class='ocrx_word' id='word_1_157' title='bbox 759 2685 907 2746; x_wconf 88' lang='lat' dir='ltr'>magnam</span> <span class='ocrx_word' id='word_1_158' title='bbox 924 2664 993 2728; x_wconf 87' lang='lat' dir='ltr'>auri</span> <span class='ocrx_word' id='word_1_159' title='bbox 1008 2664 1072 2726; x_wconf 93' lang='lat' dir='ltr'>uim</span> <span class='ocrx_word' id='word_1_160' title='bbox 1088 2664 1229 2746; x_wconf 91' lang='lat' dir='ltr'>pluribus</span> 
     </span>
     <span class='ocr_line' id='line_1_20' title="bbox 117 2787 1230 2870; baseline -0.001 -19"><span class='ocrx_word' id='word_1_161' title='bbox 117 2787 325 2852; x_wconf 88' lang='lat' dir='ltr'>creditoribus</span> <span class='ocrx_word' id='word_1_162' title='bbox 349 2789 493 2855; x_wconf 89' lang='lat' dir='ltr'>debebat.</span> <span class='ocrx_word' id='word_1_163' title='bbox 532 2810 663 2869; x_wconf 90' lang='lat' dir='ltr'>cumque</span> <span class='ocrx_word' id='word_1_164' title='bbox 680 2789 851 2854; x_wconf 87' lang='lat' dir='ltr'>creditores</span> <span class='ocrx_word' id='word_1_165' title='bbox 874 2795 1044 2870; x_wconf 83' lang='lat' dir='ltr'>arguerent</span> <span class='ocrx_word' id='word_1_166' title='bbox 1068 2794 1099 2852; x_wconf 91' lang='lat' dir='ltr'>et</span> <span class='ocrx_word' id='word_1_167' title='bbox 1122 2787 1230 2852; x_wconf 90' lang='lat' dir='ltr'>debita</span> 
     </span>
    </p>
   </div>
   <div class='ocr_carea' id='block_1_3' title="bbox 117 2912 1282 2995">
    <p class='ocr_par' dir='ltr' id='par_1_3' title="bbox 117 2912 1282 2995">
     <span class='ocr_line' id='line_1_21' title="bbox 117 2912 1282 2995; baseline -0.001 -21"><span class='ocrx_word' id='word_1_168' title='bbox 117 2918 270 2994; x_wconf 86' lang='lat' dir='ltr'>peterent,</span> <span class='ocrx_word' id='word_1_169' title='bbox 295 2913 358 2976; x_wconf 89' lang='lat' dir='ltr'>suis</span> <span class='ocrx_word' id='word_1_170' title='bbox 374 2913 465 2977; x_wconf 89' lang='lat' dir='ltr'>bonis</span> <span class='ocrx_word' id='word_1_171' title='bbox 482 2914 585 2995; x_wconf 88' lang='lat' dir='ltr'>cessit,</span> <span class='ocrx_word' id='word_1_172' title='bbox 610 2914 684 2994; x_wconf 90' lang='lat' dir='ltr'>quia</span> <span class='ocrx_word' id='word_1_173' title='bbox 700 2912 849 2977; x_wconf 87' lang='lat' dir='ltr'>soluendo</span> <span class='ocrx_word' id='word_1_174' title='bbox 868 2933 930 2976; x_wconf 92' lang='lat' dir='ltr'>non</span> <span class='ocrx_word' id='word_1_175' title='bbox 953 2918 1028 2976; x_wconf 91' lang='lat' dir='ltr'>erat.</span> <span class='ocrx_word' id='word_1_176' title='bbox 1068 2912 1095 2975; x_wconf 91' lang='lat' dir='ltr'>si</span> <span class='ocrx_word' id='word_1_177' title='bbox 1111 2913 1228 2975; x_wconf 90' lang='lat' dir='ltr'>contin-</span> <span class='ocrx_word' id='word_1_178' title='bbox 1248 2923 1282 2973; x_wconf 81' lang='lat'>20</span> 
     </span>
    </p>
   </div>
   <div class='ocr_carea' id='block_1_4' title="bbox 117 3036 1228 3244">
    <p class='ocr_par' dir='ltr' id='par_1_4' title="bbox 117 3036 1228 3244">
     <span class='ocr_line' id='line_1_22' title="bbox 117 3036 1228 3120; baseline 0 -21"><span class='ocrx_word' id='word_1_179' title='bbox 117 3042 174 3117; x_wconf 89' lang='lat' dir='ltr'>gat</span> <span class='ocrx_word' id='word_1_180' title='bbox 200 3043 234 3100; x_wconf 90' lang='lat' dir='ltr'>ut</span> <span class='ocrx_word' id='word_1_181' title='bbox 262 3043 374 3120; x_wconf 87' lang='lat' dir='ltr'>postea</span> <span class='ocrx_word' id='word_1_182' title='bbox 405 3038 488 3101; x_wconf 91' lang='lat' dir='ltr'>idem</span> <span class='ocrx_word' id='word_1_183' title='bbox 516 3037 616 3102; x_wconf 85' lang='lat' dir='ltr'>Titius</span> <span class='ocrx_word' id='word_1_184' title='bbox 644 3038 708 3101; x_wconf 91' lang='lat' dir='ltr'>alia</span> <span class='ocrx_word' id='word_1_185' title='bbox 735 3038 818 3102; x_wconf 91' lang='lat' dir='ltr'>bona</span> <span class='ocrx_word' id='word_1_186' title='bbox 848 3036 1007 3117; x_wconf 86' lang='lat' dir='ltr'>adquirat,</span> <span class='ocrx_word' id='word_1_187' title='bbox 1037 3055 1118 3116; x_wconf 89' lang='lat' dir='ltr'>quae</span> <span class='ocrx_word' id='word_1_188' title='bbox 1151 3036 1228 3100; x_wconf 88' lang='lat' dir='ltr'>satis</span> 
     </span>
     <span class='ocr_line' id='line_1_23' title="bbox 117 3160 1227 3244; baseline -0.002 -20"><span class='ocrx_word' id='word_1_189' title='bbox 117 3160 264 3225; x_wconf 86' lang='lat' dir='ltr'>idoneam</span> <span class='ocrx_word' id='word_1_190' title='bbox 299 3162 436 3226; x_wconf 86' lang='lat' dir='ltr'>efficiant</span> <span class='ocrx_word' id='word_1_191' title='bbox 470 3162 689 3244; x_wconf 88' lang='lat' dir='ltr'>quantitatem,</span> <span class='ocrx_word' id='word_1_192' title='bbox 718 3167 865 3244; x_wconf 87' lang='lat' dir='ltr'>potemut</span> <span class='ocrx_word' id='word_1_193' title='bbox 899 3161 1083 3242; x_wconf 89' lang='lat' dir='ltr'>creditores,</span> <span class='ocrx_word' id='word_1_194' title='bbox 1113 3160 1227 3242; x_wconf 89' lang='lat' dir='ltr'>quippe</span> 
     </span>
    </p>
   </div>
   <div class='ocr_carea' id='block_1_5' title="bbox 0 0 1668 5318">
    <p class='ocr_par' dir='ltr' id='par_1_5' title="bbox 0 0 1668 5318">
     <span class='ocr_line' id='line_1_24' title="bbox 0 0 1668 5318; baseline 0 3"><span class='ocrx_word' id='word_1_195' title='bbox 0 0 1668 5318; x_wconf 95' lang='lat' dir='ltr'> </span> 
     </span>
    </p>
   </div>
  </div>
 </body>
</html>
