3154 5338
788 351 1017 416 -315-

347 537 598 622 Institutioni¹)).
615 541 752 626 σῇμερον
768 539 804 602 δὲ
820 543 881 602 τῶν
896 537 1101 625 δικαστηρίων
1115 537 1397 604 extraordinariwn
1411 537 1452 601 όν-
1545 612 1546 615 χ

348 666 409 705 των
430 643 480 705 καί
507 642 539 704 ἐν
568 644 654 706 παντί
679 645 779 729 καιρῷ
806 642 1061 727 γυμναζομένων,
1093 642 1218 718 εἰκότως
1246 644 1277 705 αἱ
1306 641 1452 707 bonorum

347 743 544 810 uenditiones
566 745 639 810 εἰσιν
662 745 694 809 ἐν
718 744 899 835 άχρησίᾳί).
945 746 1003 810 Καὶ
1030 745 1154 809 ἐπειδὰν
1182 743 1300 832 εὑρεθῇ
1325 767 1370 820 τις
1393 745 1454 806 πολ-

347 845 411 922 λοῖς
437 845 651 932 ἐποφείλωνβ)
675 845 818 932 officiqfi)
847 849 902 909 τοῦ
931 845 1074 910 δικαστοῦ
1102 845 1251 929 ιλίιλοταιί)
1280 851 1342 921 τοῖς
1363 845 1455 912 eredi-

293 947 427 1013 '5t0rsi
449 947 639 1036 παρρησίαθ)
663 945 695 1013 ἐν
717 951 832 1038 κατοχῇ
855 947 995 1032 γίνεσόαι
1016 953 1077 1013 τῶν
1101 948 1154 1013 τοῦ
1175 954 1277 1014 κοινοῦ
1298 949 1454 1016 debitores

349 1052 539 1138 πραγμάτων
569 1053 617 1115 καί
646 1055 743 1116 ταῦτα
772 1051 926 1117 διαθεῖναι
953 1051 1028 1117 καθ’
1051 1053 1086 1116 ὃν
1108 1052 1146 1116 ἂν
1170 1052 1321 1118 συνίδοιεν
1345 1051 1458 1138 συμφέ·

347 1177 416 1239 ρειν
438 1154 541 1228 αὐτοῖς
562 1154 687 1240 τρόπον.
726 1147 847 1228 Ἔξεστι
878 1155 914 1219 δὲ
936 1159 1033 1219 ταῦτα
1055 1155 1089 1219 ἐκ
1109 1159 1165 1242 τῆς
1188 1154 1381 1242 πλατυτέρας
1401 1159 1459 1220 τῶν

350 1256 503 1340 digestam
526 1256 682 1333 ἐκδόσεως
704 1261 818 1340 γνῶναι
840 1257 1070 1343 τελειότερονυ)
1105 1257 1204 1322 Πάλαι
1219 1258 1256 1324 δὲ
1269 1257 1379 1324 τοῦτον
1401 1257 1460 1340 ἐγέ-

351 1383 440 1426 νοντο
464 1362 515 1424 τὸν
537 1360 669 1446 τρόπον·
693 1360 721 1424 εἰ
742 1353 856 1446 συνέβη
879 1360 945 1424 τινὰ
966 1362 1088 1437 πολλοῖς
1110 1360 1283 1446 ἐποφείλειν
1309 1360 1375 1426 είτα
1398 1363 1460 1426 λαν-

301 1473 333 1524 10
349 1463 485 1546 όάνεινί)
513 1465 562 1528 καὶ
588 1464 703 1550 μηόὲί)
726 1463 806 1553 ἔχειν
827 1467 881 1528 τὸν
903 1463 1146 1544 άαίουάείιουλα,
1171 1468 1326 1540 συνιόντες
1348 1467 1377 1528 οί
1399 1485 1460 1530 cre·

350 1566 469 1633 ditores
492 1566 664 1653 προσίεσαν
688 1569 733 1653 τῷ
752 1565 895 1648 praetori
918 1565 1007 1631 τοῦτο
1023 1568 1108 1654 αὐτῷ
1121 1569 1318 1654 μεμφόμενοι
1332 1569 1382 1634 καί
1396 1567 1462 1632 ἐπέ·

348 1694 462 1754 τρεπεν
486 1670 590 1746 αὐτοῖς
612 1671 628 1733 ό
651 1669 791 1753 praeter
813 1669 961 1752 γενέσθαι
983 1669 1016 1734 ἐν
1040 1674 1118 1759 νομῇ
1144 1677 1204 1736 τῶν
1227 1671 1281 1736 τοῦ
1304 1669 1463 1737 debitoros

350 1775 539 1862 πραγμάτων
562 1774 610 1836 καί
633 1771 769 1855 ἐγίνοντο
797 1772 830 1836 ἐν
857 1776 971 1863 κατοχῇ
999 1775 1115 1838 τούτων
1137 1774 1187 1838 ἐπὶ
1205 1777 1305 1864 ῥητὰς
1326 1775 1461 1862 ἡμέρας·

350 1876 575 1963 παρελθουσῶν
598 1875 667 1957 δὲί)
690 1873 814 1938 ἐκείνων
838 1881 897 1940 τῶν
924 1877 1064 1962 ῇμερῶν,
1095 1877 1212 1959 ἐγίνετο
1235 1876 1370 1963 δευτέρα
1395 1901 1465 1962 προ·

302 1997 332 2047 15
350 1977 486 2055 σέλευσις
507 1977 560 2041 ὑπ’
584 1978 685 2041 αὐτῶν
708 1977 889 2050 αἰτούντων,
918 1980 998 2054 ὥςτε
1026 1977 1129 2055 αὐτοῖς
1151 1981 1291 2054 ἐξουσίαν
1315 1980 1392 2045 εἰναι
1414 1981 1465 2044 ἕνα

352 2085 390 2158 ἐξ
410 2083 512 2146 αὐτῶν
533 2080 766 2166 προβάλλεσθαι
781 2083 834 2145 τὸν
850 2081 1013 2168 ὀφείλοντα
1029 2082 1221 2171 ὃιαπωλῇσαι
1237 2086 1290 2172 τὴν
1305 2085 1466 2169 ου’σίανῙθ).

350 2186 472 2271 Ἐπειόῇ
487 2185 590 2270 γὰρΠ)
614 2183 765 2272 δυσχερὲς
785 2183 821 2270 ἧν
843 2186 958 2258 πάντας
975 2185 1111 2252 συνιέναι
1124 2189 1201 2252 κατὰ
1215 2186 1369 2271 werdun)
1396 2186 1466 2251 καθ’

352 2292 484 2376 ἑκάστην
505 2288 636 2375 ὴμέραν,
660 2287 873 2377 ἐχειροτόνουν
896 2289 934 2362 ἐξ
954 2289 1056 2354 αὐτῶν
1078 2290 1133 2354 ἕνα
1150 2292 1229 2364 όςτις
1245 2290 1369 2372 ἐλέγετο
1396 2288 1468 2355 me·

351 2393 537 2478 gistrosffl)
566 2393 615 2456 καὶ
640 2391 744 2456 λοιπὸν
772 2391 865 2467 αὐτὸς
891 2395 1065 2478 συνεφώνει
1088 2396 1150 2470 τοῖς
1170 2393 1376 2477 βουλομένοις
1401 2395 1471 2474 άγο·

301 2519 336 2570 20
351 2500 446 2583 ράσαι
468 2498 516 2558 καὶ
545 2494 668 2577 ἐγένετο
697 2497 888 2582 προυγράφη
918 2493 950 2556 ἐν
980 2497 1043 2572 τοῖς
1069 2496 1252 2581 περιφανέσι
1274 2495 1392 2581 μέρεσι
1420 2501 1471 2582 τῇς

353 2599 536 2680 πόλεωςίί),
568 2596 727 2685 ἔχουσαῙί)
760 2595 869 2660 ταῦτα·
902 2599 936 2661 τό
964 2597 1095 2681 eseam)
1126 2601 1292 2686 χρεωστὴς
1317 2598 1472 2686 ἡμέτερος
1551 2646 1552 2676 γ

353 2701 543 2790 όπάρχωνῑί)
562 2700 607 2776 εἰς
626 2699 723 2764 αἰτίαν
745 2699 876 2764 ἐνέπεσε
891 2700 1108 2786 ὃιαπράσεως·
1127 2704 1215 2789 ἡμεῖς
1234 2702 1411 2768 creditores
1426 2700 1472 2764 όν-
1551 2691 1552 2728 ¹

354 2826 406 2878 τες
420 2805 474 2890 τὴν
491 2804 600 2868 τοότου
615 2802 879 2890 ὃιαπιπράσκομεν
896 2804 1088 2889 περιουσίαν·
1109 2807 1229 2892 ὠνητης
1245 2807 1262 2869 ό
1277 2805 1473 2889 βουλόμενος

354 2906 521 2991 προσίτωι
531 2905 568 2988 11)
583 2945 621 2954 -
640 2905 713 2970 Εἰτα
729 2906 837 2987 ὀλίγων
853 2907 1131 2992 παραδραμουσῶν
1146 2908 1274 2997 ῇμερῶν
1289 2907 1410 2990 ἐγίνετο
1425 2909 1474 2971 καί

304 3033 337 3083 25
354 3009 443 3097 τρίτη
477 3009 680 3094 προσέλευσις
713 3010 744 3073 ἐν
779 3007 799 3098 ῇ
832 3008 1083 3094 ἐπετρέποντο19)
1120 3005 1308 3097 ποιησαιπίαι
1349 3010 1474 3094 legem

353 3112 536 3178 bonorum
564 3110 915 3194 uendundorum”)·
944 3112 1048 3176 λοιπόν
1069 3113 1130 3199 γὰρ
1157 3115 1196 3200 τῇ
1225 3112 1374 3201 εἰρημένῃ
1401 3137 1475 3198 προ-

422 3364 444 3426 1)
464 3359 584 3420 ἐδίδαξεν
603 3362 620 3430 ι)
637 3367 656 3412 ᾶ
673 3359 741 3414 ἰνστ.
760 3359 800 3412 vi.
819 3359 850 3413 R.
957 3359 1207 3431 1)-στίᾳ1ίί.1ἰ,
1321 3361 1412 3431 1)ὀφ.
1433 3362 1477 3415 Ιιθ.

353 3449 377 3513 1)
395 3465 468 3500 -ιον
487 3446 531 3500 L⁶.
618 3447 641 3512 1)
660 3463 743 3498 -ινσι
761 3445 805 3500 Ιιὸ.
895 3447 918 3514 6)
935 3448 1012 3498 -ίαν
1031 3446 1075 3503 Ιιθ.
1166 3447 1189 3514 1)
1208 3446 1259 3500 M.:
1279 3453 1329 3502 eet
1347 3448 1477 3502 διαλανό.

354 3533 376 3600 8)
394 3531 431 3601 μ’)
449 3532 493 3586 1ι1.
512 3531 553 3585 Vi.
572 3531 604 3586 R.
725 3532 748 3598 ⁹)
772 3531 832 3586 add.
850 3547 909 3586 cum
929 3533 970 3586 vi.
988 3532 1020 3588 R.
1141 3534 1178 3603 10)
1199 3533 1359 3603 περιουσίαν
1378 3534 1426 3588 Vi.
1445 3532 1479 3588 R·

357 3620 393 3684 11)
412 3617 436 3671 d.
456 3620 486 3671 V.
592 3617 626 3683 11)
643 3619 706 3669 κατ’
725 3618 807 3670 αὐτόν
826 3617 864 3671 Μ,
977 3619 1012 3684 11)
1029 3619 1068 3673 ita
1085 3633 1136 3673 ser.
1154 3618 1192 3673 Μ.
1305 3621 1339 3686 14)
1357 3637 1383 3672 τ.
1404 3638 1433 3672 π.
1451 3637 1479 3682 μ

355 3702 398 3756 vi.
416 3702 447 3756 F.
465 3702 498 3756 R.
603 3705 639 3770 111)
657 3703 772 3771 λέγουσα
789 3702 835 3756 V.:
856 3705 941 3756 ταῦτα
960 3703 1077 3774 δηλοῦσα
1095 3705 1137 3758 vi.
1151 3704 1183 3758 R.
1287 3705 1322 3770 1⁶)
1338 3705 1354 3757 ό
1373 3705 1427 3759 ins.
1448 3703 1479 3757 F.

355 3789 390 3857 11)
408 3788 447 3838 ὢν
466 3789 499 3843 V.
610 3790 644 3854 1⁸)
662 3786 767 3858 προΐτω
785 3788 822 3842 Μ.
840 3787 883 3842 11².
992 3790 1027 3855 19)
1048 3807 1122 3842 -ετο
1141 3788 1172 3843 V.
1286 3790 1321 3856 10)
1342 3790 1480 3848 —itorum

354 3874 398 3928 [ιθ.
418 3873 475 3928 Vi:
495 3877 635 3929 τουτέστιν
654 3876 720 3944 όρον
739 3877 796 3928 τῶν
817 3876 986 3945 διαπρατέων
1006 3876 1173 3944 πραγμάτων
1195 3878 1260 3944 [τῶν
1280 3877 1481 3945 άιαπιπρασκο-

356 3959 445 4023 μένων
464 3958 506 4013 vi.
524 3958 582 4028 R.]:
608 3959 649 4014 ad.
668 3960 729 4014 libri
752 3959 802 4023 ed.,
826 3967 868 4015 set
885 3975 954 4029 quae
972 3959 1103 4028 glossema
1125 3959 1266 4014 manifeste
1289 3960 1334 4014 uel
1357 3976 1393 4015 ex
1419 3963 1483 4031 ipse

359 4043 502 4100 lectionum
521 4046 652 4100 uerietete
670 4045 816 4102 redoleant.

423 4153 451 4219 e)
469 4149 530 4206 eei.
549 4151 580 4205 G.
598 4155 624 4220 3,
642 4153 720 4221 78eq.
