3154 5338
529 428 763 492 -296-

53 632 75 683 a.
89 617 250 695 patronum
280 613 453 680 adiuuabat
479 632 536 679 nec
564 621 691 696 praetor
717 623 862 682 naturam
892 618 1024 684 ueritus.
1080 618 1108 682 2.
1150 617 1205 686 Set

86 741 191 828 postea
213 733 263 800 lex
284 731 381 815 Papia
401 740 604 816 patronorum
627 735 756 802 adauxit
778 737 864 803 iura:
887 738 1051 804 constituit
1073 737 1155 804 enim
1178 739 1204 802 si

86 853 266 934 locupletior
287 852 417 918 libertus
440 861 523 919 esset
546 852 742 936 (locupletem
771 862 874 922 autem
904 876 972 923 eum
1002 856 1129 935 definiit,
1153 859 1206 939 qui

85 971 297 1038 sestertiorum
331 949 453 1038 centum
488 973 616 1038 millium
652 976 871 1056 patrimonium
904 977 1047 1058 haberet)
1074 983 1106 1042 et
1132 995 1206 1058 pau·

85 1091 181 1155 riores
204 1108 296 1170 quam
320 1097 386 1157 tres
408 1089 522 1157 liberos
545 1092 749 1174 relinqueret,
777 1094 899 1159 uirilem
926 1102 1046 1178 partem
1075 1103 1205 1178 patrono
1239 1121 1256 1171 s

85 1210 199 1288 deberi,
223 1212 290 1276 siue
312 1211 340 1274 is
362 1215 550 1276 testamento
573 1210 655 1276 iacto
678 1211 746 1276 siue
773 1213 921 1278 intestato
948 1221 1089 1279 mortuus
1112 1223 1204 1285 esset.

83 1349 179 1414 quare
195 1331 229 1403 ,si
244 1331 426 1412 contigisset
440 1331 672 1412 locupletiorem
694 1329 840 1397 libertum
863 1334 941 1398 mori
969 1353 1064 1398 unum
1087 1334 1205 1400 babens

83 1450 179 1516 tilium
203 1448 255 1514 uel
277 1468 371 1514 unam
393 1448 498 1528 filiam,
521 1456 804 1533 testamentumque
826 1451 965 1527 iecisset,
992 1451 1055 1517 lilio
1083 1451 1204 1520 filiaeue

83 1570 130 1635 lex
151 1570 252 1652 Papia
274 1574 441 1652 patronum
465 1570 632 1649 adiciebat,
662 1571 691 1636 ei
717 1577 837 1653 partem
865 1571 1022 1636 dimidiam
1053 1572 1204 1638 bonorum

83 1687 220 1754 defuncti
243 1690 424 1769 concedens,
447 1691 575 1772 perinde
604 1709 640 1755 ac
663 1691 689 1755 si
719 1689 823 1756 nullus
850 1699 1029 1772 superesset
1057 1689 1154 1756 filius:
1176 1691 1204 1756 si
1223 1695 1255 1746 1⁰

83 1827 156 1872 uero
182 1809 259 1874 duos
283 1807 361 1874 filios
384 1809 504 1875 duasue
530 1808 609 1874 filias
635 1809 765 1876 heredes
787 1810 989 1889 instituisset,
1017 1811 1048 1874 in
1076 1810 1202 1876 tertiam

82 1934 203 2010 partem
225 1935 376 2010 patronus
398 1929 638 1994 admittebatur:
666 1929 766 1994 tribus
794 1936 898 1994 autem
928 1927 1122 2004 extantibus,
1149 1949 1202 2013 pa-

45 2072 65 2124 3,
81 2055 192 2114 tronus
214 2048 413 2114 multitudine
435 2049 569 2114 filiorum
591 2050 809 2130 repellebatur.
859 2049 889 2112 3.
923 2048 1009 2116 Haec
1031 2068 1107 2116 uero
1130 2049 1203 2116 olim

82 2169 280 2250 optinebant:
304 2170 368 2236 lata
390 2179 439 2237 est
461 2177 566 2238 autem
588 2170 736 2254 principis
758 2171 857 2236 nostri
884 2169 1082 2245 constitutio,
1110 2188 1202 2252 quam

81 2294 114 2352 ut
151 2292 296 2356 omnibus
334 2291 485 2374 liqueret,
525 2309 636 2374 graece
675 2289 880 2371 conscripsit,
922 2288 1014 2354 ualde
1054 2289 1202 2354 breuitati
1222 2299 1253 2348 15

80 2406 223 2474 studens.
269 2411 299 2474 in
330 2429 392 2493 qua
421 2410 562 2492 pracepit
590 2411 627 2474 ub
648 2411 674 2474 si
701 2409 827 2490 quidem
855 2405 986 2473 libertus
1013 2407 1064 2474 uel
1090 2409 1203 2474 liberta

79 2530 216 2594 minores
239 2531 423 2595 centenariis
445 2529 524 2606 sint,
547 2529 629 2594 idest
651 2529 752 2594 minus
782 2535 906 2593 eentum
922 2527 1037 2594 aureis
1066 2527 1204 2592 habeant

79 2648 290 2713 substantiam
314 2648 372 2730 (sic
394 2649 475 2714 enim
497 2649 566 2730 lege
580 2646 678 2730 Papia
700 2653 824 2714 centum
840 2646 970 2712 millium
986 2645 1201 2713 sestertiorum

79 2770 283 2834 constitutam
310 2785 462 2832 summam
491 2768 715 2849 interpretatus
745 2772 809 2840 est,
837 2772 873 2831 ut
900 2785 956 2847 pro
986 2762 1021 2827 M
1048 2765 1201 2830 sestertiis

78 2905 158 2952 unus
184 2905 300 2954 aureus
322 2889 542 2969 computetur),
564 2887 668 2952 nullus
690 2887 777 2952 locus
793 2891 924 2966 patrono
939 2884 1078 2950 daturin
1094 2901 1200 2949 eorum
1217 2898 1252 2950 m

78 3007 326 3084 successionem,
349 3006 376 3070 si
399 3011 620 3071 testamentum
650 3012 743 3071 extet.
793 3003 821 3070 si
849 3021 924 3069 uero
952 3004 1119 3068 intestatus
1150 3001 1202 3067 de

78 3124 212 3191 cesserit
233 3123 349 3191 liberos
371 3143 433 3190 non
455 3123 644 3206 relinquens,
666 3129 741 3190 tunc
762 3123 877 3189 babeat
902 3129 1052 3202 patronus
1080 3121 1112 3186 in
1135 3121 1202 3186 uni·

77 3263 207 3311 uersum
250 3263 287 3310 ex
319 3243 388 3328 lege
420 3241 484 3308 XII
516 3244 693 3310 tabulamm
730 3243 968 3310 successionem.
1023 3259 1092 3307 curn
1125 3258 1201 3306 uero

77 3364 179 3430 maior
202 3366 380 3431 centenario
402 3365 452 3438 sit,
475 3365 502 3429 si
524 3364 649 3446 quidem
670 3364 785 3429 liberos
807 3363 971 3442 relinquat,
993 3361 1048 3442 qui
1069 3360 1200 3426 heredes

78 3489 232 3550 uocantur
253 3483 322 3548 iure
343 3482 437 3561 ciuili,
460 3501 515 3549 seu
537 3483 704 3566 praetorio,
727 3500 798 3548 cum
821 3482 1007 3564 emancipati
1029 3480 1109 3561 sint,
1131 3480 1199 3545 siue
1216 3500 1250 3553 ns

126 4306 230 4357 Theoph.
245 4306 356 4348 Antoren.
370 4317 413 4347 rec.
427 4302 517 4346 Fertini-
