<?xml version="1.0" encoding="UTF-8"?>
<!DOCTYPE html PUBLIC "-//W3C//DTD XHTML 1.0 Transitional//EN"
    "http://www.w3.org/TR/xhtml1/DTD/xhtml1-transitional.dtd">
<html xmlns="http://www.w3.org/1999/xhtml" xml:lang="en" lang="en">
 <head>
  <title>
</title>
<meta http-equiv="Content-Type" content="text/html;charset=utf-8" />
  <meta name='ocr-system' content='tesseract 3.04.00' />
  <meta name='ocr-capabilities' content='ocr_page ocr_carea ocr_par ocr_line ocrx_word'/>
</head>
<body>
  <div class='ocr_page' id='page_1' title='image "./institutionumgr01linggoog_0489.png"; bbox 0 0 3384 5314; ppageno 0'>
   <div class='ocr_carea' id='block_1_1' title="bbox 638 411 877 474">
    <p class='ocr_par' dir='ltr' id='par_1_1' title="bbox 638 411 877 474">
     <span class='ocr_line' id='line_1_1' title="bbox 638 411 877 474; baseline 0.004 -1"><span class='ocrx_word' id='word_1_1' title='bbox 638 448 678 455; x_wconf 84' lang='lat'><strong>-—</strong></span> <span class='ocrx_word' id='word_1_2' title='bbox 725 411 790 474; x_wconf 84' lang='lat'><strong>490</strong></span> <span class='ocrx_word' id='word_1_3' title='bbox 835 447 877 454; x_wconf 89' lang='lat'><em>-</em></span> 
     </span>
    </p>
   </div>
   <div class='ocr_carea' id='block_1_2' title="bbox 166 583 1367 1414">
    <p class='ocr_par' dir='ltr' id='par_1_2' title="bbox 166 583 1367 1414">
     <span class='ocr_line' id='line_1_2' title="bbox 166 583 1312 666; baseline 0 -19"><span class='ocrx_word' id='word_1_4' title='bbox 166 595 188 646; x_wconf 79' lang='lat' dir='ltr'><strong>t.</strong></span> <span class='ocrx_word' id='word_1_5' title='bbox 201 586 244 650; x_wconf 94' lang='lat' dir='ltr'><strong>uti</strong></span> <span class='ocrx_word' id='word_1_6' title='bbox 268 586 383 650; x_wconf 90' lang='lat' dir='ltr'><strong>dictum</strong></span> <span class='ocrx_word' id='word_1_7' title='bbox 407 591 469 666; x_wconf 87' lang='lat' dir='ltr'><strong>est,</strong></span> <span class='ocrx_word' id='word_1_8' title='bbox 499 586 766 650; x_wconf 75' lang='lat' dir='ltr'><strong>condemnabitur.</strong></span> <span class='ocrx_word' id='word_1_9' title='bbox 816 590 843 651; x_wconf 83' lang='lat' dir='ltr'><strong>i.</strong></span> <span class='ocrx_word' id='word_1_10' title='bbox 868 583 960 661; x_wconf 81' lang='lat' dir='ltr'><strong>Quod</strong></span> <span class='ocrx_word' id='word_1_11' title='bbox 983 605 1003 648; x_wconf 92' lang='lat' dir='ltr'><strong>a</strong></span> <span class='ocrx_word' id='word_1_12' title='bbox 1026 584 1128 648; x_wconf 87' lang='lat' dir='ltr'><strong>iudice</strong></span> <span class='ocrx_word' id='word_1_13' title='bbox 1151 584 1184 647; x_wconf 92' lang='lat' dir='ltr'><strong>in</strong></span> <span class='ocrx_word' id='word_1_14' title='bbox 1207 583 1312 664; x_wconf 89' lang='lat' dir='ltr'><strong>aliquo</strong></span> 
     </span>
     <span class='ocr_line' id='line_1_3' title="bbox 199 709 1312 791; baseline -0.002 -17"><span class='ocrx_word' id='word_1_15' title='bbox 199 711 307 774; x_wconf 91' lang='lat' dir='ltr'><strong>horum</strong></span> <span class='ocrx_word' id='word_1_16' title='bbox 331 711 516 776; x_wconf 89' lang='lat' dir='ltr'><strong>iudiciorum</strong></span> <span class='ocrx_word' id='word_1_17' title='bbox 540 711 752 774; x_wconf 86' lang='lat' dir='ltr'><strong>adiudicatum</strong></span> <span class='ocrx_word' id='word_1_18' title='bbox 771 715 828 791; x_wconf 86' lang='lat' dir='ltr'><strong>est,</strong></span> <span class='ocrx_word' id='word_1_19' title='bbox 853 710 974 774; x_wconf 87' lang='lat' dir='ltr'><strong>scilicet</strong></span> <span class='ocrx_word' id='word_1_20' title='bbox 996 710 1171 774; x_wconf 85' lang='lat' dir='ltr'><strong>familiae</strong></span> <span class='ocrx_word' id='word_1_21' title='bbox 1195 709 1312 773; x_wconf 90' lang='lat' dir='ltr'><strong>ercis-</strong></span> 
     </span>
     <span class='ocr_line' id='line_1_4' title="bbox 200 834 1312 917; baseline -0.002 -19"><span class='ocrx_word' id='word_1_22' title='bbox 200 835 359 917; x_wconf 84' lang='lat' dir='ltr'><strong>cundae,</strong></span> <span class='ocrx_word' id='word_1_23' title='bbox 398 836 581 899; x_wconf 88' lang='lat' dir='ltr'><strong>communi</strong></span> <span class='ocrx_word' id='word_1_24' title='bbox 615 835 838 916; x_wconf 87' lang='lat' dir='ltr'><strong>diuidundo,</strong></span> <span class='ocrx_word' id='word_1_25' title='bbox 876 835 1005 898; x_wconf 88' lang='lat' dir='ltr'><strong>finium</strong></span> <span class='ocrx_word' id='word_1_26' title='bbox 1045 834 1312 916; x_wconf 82' lang='lat' dir='ltr'>regundorum,</span> 
     </span>
     <span class='ocr_line' id='line_1_5' title="bbox 199 959 1315 1042; baseline -0.002 -18"><span class='ocrx_word' id='word_1_27' title='bbox 199 961 304 1024; x_wconf 88' lang='lat' dir='ltr'><strong>statim</strong></span> <span class='ocrx_word' id='word_1_28' title='bbox 321 960 352 1022; x_wconf 92' lang='lat' dir='ltr'><strong>in</strong></span> <span class='ocrx_word' id='word_1_29' title='bbox 369 959 436 1024; x_wconf 87' lang='lat' dir='ltr'><strong>eius</strong></span> <span class='ocrx_word' id='word_1_30' title='bbox 460 959 631 1024; x_wconf 92' lang='lat' dir='ltr'><strong>dominium</strong></span> <span class='ocrx_word' id='word_1_31' title='bbox 654 959 778 1035; x_wconf 83' lang='lat' dir='ltr'><strong>transit,</strong></span> <span class='ocrx_word' id='word_1_32' title='bbox 802 961 851 1024; x_wconf 92' lang='lat' dir='ltr'><strong>cui</strong></span> <span class='ocrx_word' id='word_1_33' title='bbox 867 959 1080 1024; x_wconf 89' lang='lat' dir='ltr'><strong>adiudicatum</strong></span> <span class='ocrx_word' id='word_1_34' title='bbox 1099 965 1154 1023; x_wconf 91' lang='lat' dir='ltr'><strong>est.</strong></span> <span class='ocrx_word' id='word_1_35' title='bbox 1192 965 1315 1042; x_wconf 81' lang='lat' dir='ltr'><strong>oportet</strong></span> 
     </span>
     <span class='ocr_line' id='line_1_6' title="bbox 199 1084 1367 1168; baseline 0 -20"><span class='ocrx_word' id='word_1_36' title='bbox 199 1085 294 1167; x_wconf 79' lang='lat' dir='ltr'><strong>igitur</strong></span> <span class='ocrx_word' id='word_1_37' title='bbox 310 1085 391 1148; x_wconf 90' lang='lat' dir='ltr'><strong>hunc</strong></span> <span class='ocrx_word' id='word_1_38' title='bbox 408 1103 532 1166; x_wconf 87' lang='lat' dir='ltr'><strong>quoquc</strong></span> <span class='ocrx_word' id='word_1_39' title='bbox 549 1084 735 1164; x_wconf 87' lang='lat' dir='ltr'><strong>adquirendi</strong></span> <span class='ocrx_word' id='word_1_40' title='bbox 756 1084 881 1148; x_wconf 93' lang='lat' dir='ltr'><strong>modum</strong></span> <span class='ocrx_word' id='word_1_41' title='bbox 902 1105 967 1168; x_wconf 86' lang='lat' dir='ltr'><strong>per</strong></span> <span class='ocrx_word' id='word_1_42' title='bbox 990 1084 1314 1149; x_wconf 87' lang='lat' dir='ltr'><strong>adiudicationem</strong></span> <span class='ocrx_word' id='word_1_43' title='bbox 1352 1098 1367 1148; x_wconf 76' lang='lat'>5</span> 
     </span>
     <span class='ocr_line' id='line_1_7' title="bbox 199 1209 1314 1292; baseline 0 -20"><span class='ocrx_word' id='word_1_44' title='bbox 199 1209 231 1272; x_wconf 95' lang='lat' dir='ltr'><strong>in</strong></span> <span class='ocrx_word' id='word_1_45' title='bbox 254 1229 361 1272; x_wconf 88' lang='lat' dir='ltr'><strong>eorum</strong></span> <span class='ocrx_word' id='word_1_46' title='bbox 384 1229 544 1273; x_wconf 87' lang='lat' dir='ltr'><strong>numerum</strong></span> <span class='ocrx_word' id='word_1_47' title='bbox 572 1209 692 1290; x_wconf 84' lang='lat' dir='ltr'><strong>referri,</strong></span> <span class='ocrx_word' id='word_1_48' title='bbox 720 1229 777 1292; x_wconf 89' lang='lat' dir='ltr'><strong>per</strong></span> <span class='ocrx_word' id='word_1_49' title='bbox 797 1229 876 1290; x_wconf 93' lang='lat' dir='ltr'><strong>quos</strong></span> <span class='ocrx_word' id='word_1_50' title='bbox 897 1210 964 1274; x_wconf 88' lang='lat' dir='ltr'><strong>inre</strong></span> <span class='ocrx_word' id='word_1_51' title='bbox 984 1229 1035 1273; x_wconf 90' lang='lat' dir='ltr'><strong>res</strong></span> <span class='ocrx_word' id='word_1_52' title='bbox 1056 1209 1199 1290; x_wconf 83' lang='lat' dir='ltr'><strong>singulae</strong></span> <span class='ocrx_word' id='word_1_53' title='bbox 1223 1209 1314 1272; x_wconf 91' lang='lat' dir='ltr'><strong>nobis</strong></span> 
     </span>
     <span class='ocr_line' id='line_1_8' title="bbox 199 1333 412 1414; baseline 0 -17"><span class='ocrx_word' id='word_1_54' title='bbox 199 1333 412 1414; x_wconf 86' lang='lat' dir='ltr'><strong>adquiruntur.</strong></span> 
     </span>
    </p>
   </div>
   <div class='ocr_carea' id='block_1_3' title="bbox 456 2010 1066 2095">
    <p class='ocr_par' dir='ltr' id='par_1_3' title="bbox 456 2010 1066 2095">
     <span class='ocr_line' id='line_1_9' title="bbox 456 2010 1066 2095; baseline 0 -19"><span class='ocrx_word' id='word_1_55' title='bbox 456 2011 505 2076; x_wconf 91' lang='lat' dir='ltr'><strong>De</strong></span> <span class='ocrx_word' id='word_1_56' title='bbox 528 2011 664 2095; x_wconf 90' lang='lat' dir='ltr'><strong>publicis</strong></span> <span class='ocrx_word' id='word_1_57' title='bbox 688 2010 821 2077; x_wconf 86' lang='lat' dir='ltr'><strong>iudiciis.</strong></span> <span class='ocrx_word' id='word_1_58' title='bbox 866 2011 991 2077; x_wconf 82' lang='lat' dir='ltr'><strong>Titulus</strong></span> <span class='ocrx_word' id='word_1_59' title='bbox 1017 2013 1066 2079; x_wconf 87' lang='lat'><strong>18.</strong></span> 
     </span>
    </p>
   </div>
   <div class='ocr_carea' id='block_1_4' title="bbox 200 2171 1371 2753">
    <p class='ocr_par' dir='ltr' id='par_1_4' title="bbox 200 2171 1371 2753">
     <span class='ocr_line' id='line_1_10' title="bbox 233 2171 1317 2256; baseline 0.001 -21"><span class='ocrx_word' id='word_1_60' title='bbox 233 2183 236 2187; x_wconf 86' lang='lat'>&#39;</span> <span class='ocrx_word' id='word_1_61' title='bbox 288 2173 459 2236; x_wconf 87' lang='lat' dir='ltr'><strong>Plurimum</strong></span> <span class='ocrx_word' id='word_1_62' title='bbox 495 2192 590 2237; x_wconf 86' lang='lat' dir='ltr'><strong>curae</strong></span> <span class='ocrx_word' id='word_1_63' title='bbox 623 2172 748 2237; x_wconf 88' lang='lat' dir='ltr'><strong>fuerunt</strong></span> <span class='ocrx_word' id='word_1_64' title='bbox 782 2173 907 2256; x_wconf 81' lang='lat' dir='ltr'><strong>legibus</strong></span> <span class='ocrx_word' id='word_1_65' title='bbox 942 2173 1058 2237; x_wconf 86' lang='lat' dir='ltr'><strong>indicia</strong></span> <span class='ocrx_word' id='word_1_66' title='bbox 1093 2171 1229 2256; x_wconf 90' lang='lat' dir='ltr'><strong>publica.</strong></span> <span class='ocrx_word' id='word_1_67' title='bbox 1277 2192 1317 2237; x_wconf 87' lang='lat' dir='ltr'><strong>ea</strong></span> 
     </span>
     <span class='ocr_line' id='line_1_11' title="bbox 200 2297 1316 2380; baseline -0.002 -18"><span class='ocrx_word' id='word_1_68' title='bbox 200 2317 301 2377; x_wconf 85' lang='lat' dir='ltr'><strong>neque</strong></span> <span class='ocrx_word' id='word_1_69' title='bbox 317 2317 374 2380; x_wconf 85' lang='lat' dir='ltr'><strong>per</strong></span> <span class='ocrx_word' id='word_1_70' title='bbox 390 2297 566 2361; x_wconf 86' lang='lat' dir='ltr'><strong>ordinarias</strong></span> <span class='ocrx_word' id='word_1_71' title='bbox 582 2297 723 2361; x_wconf 82' lang='lat' dir='ltr'><strong>actiones</strong></span> <span class='ocrx_word' id='word_1_72' title='bbox 739 2303 934 2380; x_wconf 84' lang='lat' dir='ltr'><strong>exercentur,</strong></span> <span class='ocrx_word' id='word_1_73' title='bbox 953 2317 1011 2361; x_wconf 88' lang='lat' dir='ltr'><strong>nec</strong></span> <span class='ocrx_word' id='word_1_74' title='bbox 1028 2297 1198 2378; x_wconf 90' lang='lat' dir='ltr'><strong>quidquam</strong></span> <span class='ocrx_word' id='word_1_75' title='bbox 1215 2297 1316 2361; x_wconf 88' lang='lat' dir='ltr'><strong>simile</strong></span> 
     </span>
     <span class='ocr_line' id='line_1_12' title="bbox 201 2421 1371 2504; baseline -0.003 -19"><span class='ocrx_word' id='word_1_76' title='bbox 201 2421 233 2485; x_wconf 92' lang='lat' dir='ltr'><strong>in</strong></span> <span class='ocrx_word' id='word_1_77' title='bbox 261 2422 373 2486; x_wconf 87' lang='lat' dir='ltr'><strong>ueteris</strong></span> <span class='ocrx_word' id='word_1_78' title='bbox 401 2421 525 2486; x_wconf 89' lang='lat' dir='ltr'><strong>iudiciis</strong></span> <span class='ocrx_word' id='word_1_79' title='bbox 553 2421 747 2504; x_wconf 83' lang='lat' dir='ltr'><strong>exponendis</strong></span> <span class='ocrx_word' id='word_1_80' title='bbox 775 2422 959 2486; x_wconf 91' lang='lat' dir='ltr'><strong>inuenimus.</strong></span> <span class='ocrx_word' id='word_1_81' title='bbox 1005 2442 1121 2503; x_wconf 81' lang='lat' dir='ltr'><strong>magna</strong></span> <span class='ocrx_word' id='word_1_82' title='bbox 1151 2428 1200 2485; x_wconf 91' lang='lat' dir='ltr'><strong>est</strong></span> <span class='ocrx_word' id='word_1_83' title='bbox 1234 2421 1317 2485; x_wconf 84' lang='lat' dir='ltr'><strong>enim</strong></span> <span class='ocrx_word' id='word_1_84' title='bbox 1338 2431 1371 2482; x_wconf 85' lang='lat'><strong>10</strong></span> 
     </span>
     <span class='ocr_line' id='line_1_13' title="bbox 201 2545 1316 2627; baseline 0 -18"><span class='ocrx_word' id='word_1_85' title='bbox 201 2564 308 2609; x_wconf 90' lang='lat' dir='ltr'><strong>eorum</strong></span> <span class='ocrx_word' id='word_1_86' title='bbox 332 2545 509 2627; x_wconf 87' lang='lat' dir='ltr'><strong>diuersitas,</strong></span> <span class='ocrx_word' id='word_1_87' title='bbox 533 2552 597 2608; x_wconf 90' lang='lat' dir='ltr'><strong>tam</strong></span> <span class='ocrx_word' id='word_1_88' title='bbox 621 2546 653 2610; x_wconf 93' lang='lat' dir='ltr'><strong>in</strong></span> <span class='ocrx_word' id='word_1_89' title='bbox 676 2546 715 2610; x_wconf 90' lang='lat' dir='ltr'><strong>iis</strong></span> <span class='ocrx_word' id='word_1_90' title='bbox 738 2545 936 2610; x_wconf 88' lang='lat' dir='ltr'><strong>instituendis</strong></span> <span class='ocrx_word' id='word_1_91' title='bbox 961 2565 1055 2626; x_wconf 90' lang='lat' dir='ltr'><strong>quam</strong></span> <span class='ocrx_word' id='word_1_92' title='bbox 1070 2545 1103 2608; x_wconf 94' lang='lat' dir='ltr'><strong>in</strong></span> <span class='ocrx_word' id='word_1_93' title='bbox 1124 2545 1316 2609; x_wconf 85' lang='lat' dir='ltr'><strong>exercendis.</strong></span> 
     </span>
     <span class='ocr_line' id='line_1_14' title="bbox 201 2669 1316 2753; baseline 0 -20"><span class='ocrx_word' id='word_1_94' title='bbox 201 2690 291 2734; x_wconf 91' lang='lat' dir='ltr'><strong>nemo</strong></span> <span class='ocrx_word' id='word_1_95' title='bbox 308 2670 404 2753; x_wconf 82' lang='lat' dir='ltr'><strong>igitur</strong></span> <span class='ocrx_word' id='word_1_96' title='bbox 418 2669 544 2753; x_wconf 90' lang='lat' dir='ltr'><strong>publico</strong></span> <span class='ocrx_word' id='word_1_97' title='bbox 561 2669 676 2734; x_wconf 92' lang='lat' dir='ltr'><strong>iudicio</strong></span> <span class='ocrx_word' id='word_1_98' title='bbox 693 2690 792 2752; x_wconf 81' lang='lat' dir='ltr'><strong>agens</strong></span> <span class='ocrx_word' id='word_1_99' title='bbox 809 2670 913 2736; x_wconf 87' lang='lat' dir='ltr'><strong>dicere</strong></span> <span class='ocrx_word' id='word_1_100' title='bbox 926 2676 1043 2753; x_wconf 87' lang='lat' dir='ltr'><strong>potest:</strong></span> <span class='ocrx_word' id='word_1_101' title='bbox 1058 2671 1148 2734; x_wconf 87' lang='lat' dir='ltr'><strong>‘hanc</strong></span> <span class='ocrx_word' id='word_1_102' title='bbox 1161 2669 1316 2734; x_wconf 87' lang='lat' dir='ltr'><strong>actionem</strong></span> 
     </span>
    </p>
   </div>
   <div class='ocr_carea' id='block_1_5' title="bbox 201 2793 1317 2878">
    <p class='ocr_par' dir='ltr' id='par_1_5' title="bbox 201 2793 1317 2878">
     <span class='ocr_line' id='line_1_15' title="bbox 201 2793 1317 2878; baseline -0.001 -19"><span class='ocrx_word' id='word_1_103' title='bbox 201 2795 349 2876; x_wconf 89' lang='lat' dir='ltr'><strong>intendo&#39;,</strong></span> <span class='ocrx_word' id='word_1_104' title='bbox 374 2799 422 2859; x_wconf 90' lang='lat' dir='ltr'><strong>set</strong></span> <span class='ocrx_word' id='word_1_105' title='bbox 444 2795 550 2859; x_wconf 87' lang='lat' dir='ltr'><strong>dicere</strong></span> <span class='ocrx_word' id='word_1_106' title='bbox 574 2793 678 2877; x_wconf 93' lang='lat' dir='ltr'><strong>potius</strong></span> <span class='ocrx_word' id='word_1_107' title='bbox 701 2795 809 2859; x_wconf 86' lang='lat' dir='ltr'><strong>debet:</strong></span> <span class='ocrx_word' id='word_1_108' title='bbox 835 2799 885 2860; x_wconf 82' lang='lat' dir='ltr'><strong>‘ex</strong></span> <span class='ocrx_word' id='word_1_109' title='bbox 901 2795 960 2859; x_wconf 90' lang='lat' dir='ltr'><strong>hac</strong></span> <span class='ocrx_word' id='word_1_110' title='bbox 976 2795 1047 2878; x_wconf 83' lang='lat' dir='ltr'><strong>lege</strong></span> <span class='ocrx_word' id='word_1_111' title='bbox 1069 2814 1157 2858; x_wconf 87' lang='lat' dir='ltr'><strong>reum</strong></span> <span class='ocrx_word' id='word_1_112' title='bbox 1173 2795 1317 2878; x_wconf 87' lang='lat' dir='ltr'><strong>postulo’.</strong></span> 
     </span>
    </p>
   </div>
   <div class='ocr_carea' id='block_1_6' title="bbox 168 2917 1372 3874">
    <p class='ocr_par' dir='ltr' id='par_1_6' title="bbox 168 2917 1372 3874">
     <span class='ocr_line' id='line_1_16' title="bbox 201 2917 1317 3001; baseline -0.002 -17"><span class='ocrx_word' id='word_1_113' title='bbox 201 2919 252 2984; x_wconf 88' lang='lat' dir='ltr'><strong>hio</strong></span> <span class='ocrx_word' id='word_1_114' title='bbox 280 2925 311 2984; x_wconf 93' lang='lat' dir='ltr'><strong>et</strong></span> <span class='ocrx_word' id='word_1_115' title='bbox 338 2925 494 2983; x_wconf 85' lang='lat' dir='ltr'><strong>tormenta</strong></span> <span class='ocrx_word' id='word_1_116' title='bbox 528 2917 671 2984; x_wconf 88' lang='lat' dir='ltr'><strong>adhibita</strong></span> <span class='ocrx_word' id='word_1_117' title='bbox 699 2919 899 2984; x_wconf 87' lang='lat' dir='ltr'><strong>inueniuntur</strong></span> <span class='ocrx_word' id='word_1_118' title='bbox 926 2924 957 2983; x_wconf 90' lang='lat' dir='ltr'><strong>et</strong></span> <span class='ocrx_word' id='word_1_119' title='bbox 984 2919 1077 2984; x_wconf 92' lang='lat' dir='ltr'><strong>modo</strong></span> <span class='ocrx_word' id='word_1_120' title='bbox 1105 2920 1190 2983; x_wconf 91' lang='lat' dir='ltr'><strong>bona</strong></span> <span class='ocrx_word' id='word_1_121' title='bbox 1217 2917 1317 3001; x_wconf 89' lang='lat' dir='ltr'><strong>publi·</strong></span> 
     </span>
     <span class='ocr_line' id='line_1_17' title="bbox 203 3043 1369 3126; baseline -0.004 -18"><span class='ocrx_word' id='word_1_122' title='bbox 203 3050 320 3126; x_wconf 79' lang='lat' dir='ltr'><strong>cantur,</strong></span> <span class='ocrx_word' id='word_1_123' title='bbox 343 3044 436 3109; x_wconf 93' lang='lat' dir='ltr'><strong>modo</strong></span> <span class='ocrx_word' id='word_1_124' title='bbox 461 3045 574 3108; x_wconf 87' lang='lat' dir='ltr'><strong>ciuitas</strong></span> <span class='ocrx_word' id='word_1_125' title='bbox 599 3044 758 3126; x_wconf 87' lang='lat' dir='ltr'><strong>amittitur,</strong></span> <span class='ocrx_word' id='word_1_126' title='bbox 783 3050 814 3108; x_wconf 90' lang='lat' dir='ltr'><strong>et</strong></span> <span class='ocrx_word' id='word_1_127' title='bbox 836 3044 931 3109; x_wconf 91' lang='lat' dir='ltr'><strong>modo</strong></span> <span class='ocrx_word' id='word_1_128' title='bbox 954 3044 1142 3124; x_wconf 85' lang='lat' dir='ltr'><strong>libertatem,</strong></span> <span class='ocrx_word' id='word_1_129' title='bbox 1167 3043 1261 3106; x_wconf 93' lang='lat' dir='ltr'><strong>modo</strong></span> <span class='ocrx_word' id='word_1_130' title='bbox 1286 3050 1317 3108; x_wconf 89' lang='lat' dir='ltr'><strong>et</strong></span> <span class='ocrx_word' id='word_1_131' title='bbox 1338 3055 1369 3104; x_wconf 80' lang='lat'><strong>15</strong></span> 
     </span>
     <span class='ocr_line' id='line_1_18' title="bbox 203 3167 1317 3252; baseline -0.002 -20"><span class='ocrx_word' id='word_1_132' title='bbox 203 3169 265 3232; x_wconf 91' lang='lat' dir='ltr'><strong>iam</strong></span> <span class='ocrx_word' id='word_1_133' title='bbox 307 3169 405 3232; x_wconf 89' lang='lat' dir='ltr'><strong>uitam</strong></span> <span class='ocrx_word' id='word_1_134' title='bbox 448 3169 528 3252; x_wconf 90' lang='lat' dir='ltr'><strong>eripi</strong></span> <span class='ocrx_word' id='word_1_135' title='bbox 567 3168 727 3250; x_wconf 82' lang='lat' dir='ltr'><strong>contingit.</strong></span> <span class='ocrx_word' id='word_1_136' title='bbox 804 3187 886 3248; x_wconf 88' lang='lat' dir='ltr'><strong>quae</strong></span> <span class='ocrx_word' id='word_1_137' title='bbox 926 3168 1030 3232; x_wconf 90' lang='lat' dir='ltr'><strong>omnia</strong></span> <span class='ocrx_word' id='word_1_138' title='bbox 1069 3187 1088 3231; x_wconf 87' lang='lat' dir='ltr'><strong>a</strong></span> <span class='ocrx_word' id='word_1_139' title='bbox 1126 3167 1317 3250; x_wconf 80' lang='lat' dir='ltr'><strong>pecuniariis</strong></span> 
     </span>
     <span class='ocr_line' id='line_1_19' title="bbox 168 3292 1318 3374; baseline 0 -17"><span class='ocrx_word' id='word_1_140' title='bbox 168 3305 192 3358; x_wconf 90' lang='lat'><strong>1.</strong></span> <span class='ocrx_word' id='word_1_141' title='bbox 203 3293 327 3357; x_wconf 88' lang='lat' dir='ltr'><strong>iudiciis</strong></span> <span class='ocrx_word' id='word_1_142' title='bbox 360 3293 465 3358; x_wconf 87' lang='lat' dir='ltr'><strong>aliena</strong></span> <span class='ocrx_word' id='word_1_143' title='bbox 493 3301 573 3358; x_wconf 91' lang='lat' dir='ltr'><strong>sunt.</strong></span> <span class='ocrx_word' id='word_1_144' title='bbox 641 3297 668 3358; x_wconf 91' lang='lat'><strong>1.</strong></span> <span class='ocrx_word' id='word_1_145' title='bbox 691 3293 853 3358; x_wconf 86' lang='lat' dir='ltr'><strong>Publica</strong></span> <span class='ocrx_word' id='word_1_146' title='bbox 885 3298 989 3358; x_wconf 91' lang='lat' dir='ltr'><strong>autem</strong></span> <span class='ocrx_word' id='word_1_147' title='bbox 1018 3292 1102 3357; x_wconf 89' lang='lat' dir='ltr'><strong>dicta</strong></span> <span class='ocrx_word' id='word_1_148' title='bbox 1129 3299 1214 3374; x_wconf 90' lang='lat' dir='ltr'><strong>suut,</strong></span> <span class='ocrx_word' id='word_1_149' title='bbox 1244 3292 1318 3374; x_wconf 89' lang='lat' dir='ltr'><strong>quia</strong></span> 
     </span>
     <span class='ocr_line' id='line_1_20' title="bbox 204 3416 1318 3501; baseline 0 -21"><span class='ocrx_word' id='word_1_150' title='bbox 204 3417 303 3481; x_wconf 90' lang='lat' dir='ltr'><strong>cuiuis</strong></span> <span class='ocrx_word' id='word_1_151' title='bbox 331 3437 349 3482; x_wconf 91' lang='lat' dir='ltr'><strong>e</strong></span> <span class='ocrx_word' id='word_1_152' title='bbox 377 3418 493 3501; x_wconf 91' lang='lat' dir='ltr'><strong>populo</strong></span> <span class='ocrx_word' id='word_1_153' title='bbox 528 3417 712 3500; x_wconf 85' lang='lat' dir='ltr'><strong>plerumque</strong></span> <span class='ocrx_word' id='word_1_154' title='bbox 746 3438 785 3482; x_wconf 86' lang='lat' dir='ltr'><strong>eo</strong></span> <span class='ocrx_word' id='word_1_155' title='bbox 819 3417 1013 3498; x_wconf 87' lang='lat' dir='ltr'><strong>exsequendi</strong></span> <span class='ocrx_word' id='word_1_156' title='bbox 1046 3417 1183 3481; x_wconf 84' lang='lat' dir='ltr'><strong>facultas</strong></span> <span class='ocrx_word' id='word_1_157' title='bbox 1218 3416 1318 3480; x_wconf 89' lang='lat' dir='ltr'><strong>datur.</strong></span> 
     </span>
     <span class='ocr_line' id='line_1_21' title="bbox 204 3541 1318 3626; baseline 0.002 -22"><span class='ocrx_word' id='word_1_158' title='bbox 204 3542 461 3626; x_wconf 80' lang='lat' dir='ltr'><strong>»plerumque«</strong></span> <span class='ocrx_word' id='word_1_159' title='bbox 500 3541 572 3606; x_wconf 92' lang='lat' dir='ltr'><strong>ideo</strong></span> <span class='ocrx_word' id='word_1_160' title='bbox 608 3542 687 3622; x_wconf 85' lang='lat' dir='ltr'><strong>dixi,</strong></span> <span class='ocrx_word' id='word_1_161' title='bbox 735 3543 810 3624; x_wconf 90' lang='lat' dir='ltr'><strong>qnia</strong></span> <span class='ocrx_word' id='word_1_162' title='bbox 851 3549 922 3608; x_wconf 90' lang='lat' dir='ltr'><strong>sunt</strong></span> <span class='ocrx_word' id='word_1_163' title='bbox 961 3541 1116 3623; x_wconf 86' lang='lat' dir='ltr'><strong>quaedam</strong></span> <span class='ocrx_word' id='word_1_164' title='bbox 1153 3561 1318 3625; x_wconf 87' lang='lat' dir='ltr'><strong>personae,</strong></span> 
     </span>
     <span class='ocr_line' id='line_1_22' title="bbox 204 3665 1372 3750; baseline -0.003 -21"><span class='ocrx_word' id='word_1_165' title='bbox 204 3666 317 3746; x_wconf 88' lang='lat' dir='ltr'><strong>quibus</strong></span> <span class='ocrx_word' id='word_1_166' title='bbox 366 3667 494 3749; x_wconf 72' lang='lat' dir='ltr'><strong>publico,</strong></span> <span class='ocrx_word' id='word_1_167' title='bbox 536 3665 650 3730; x_wconf 89' lang='lat' dir='ltr'><strong>iudicio</strong></span> <span class='ocrx_word' id='word_1_168' title='bbox 707 3667 868 3750; x_wconf 88' lang='lat' dir='ltr'><strong>postulare</strong></span> <span class='ocrx_word' id='word_1_169' title='bbox 914 3687 977 3731; x_wconf 92' lang='lat' dir='ltr'><strong>non</strong></span> <span class='ocrx_word' id='word_1_170' title='bbox 1027 3672 1074 3731; x_wconf 87' lang='lat' dir='ltr'><strong>est</strong></span> <span class='ocrx_word' id='word_1_171' title='bbox 1123 3666 1318 3750; x_wconf 88' lang='lat' dir='ltr'><strong>permissum.</strong></span> <span class='ocrx_word' id='word_1_172' title='bbox 1338 3674 1372 3724; x_wconf 73' lang='lat'><strong>20</strong></span> 
     </span>
     <span class='ocr_line' id='line_1_23' title="bbox 204 3789 1319 3874; baseline -0.002 -20"><span class='ocrx_word' id='word_1_173' title='bbox 204 3791 282 3854; x_wconf 88' lang='lat' dir='ltr'><strong>haec</strong></span> <span class='ocrx_word' id='word_1_174' title='bbox 333 3810 408 3854; x_wconf 87' lang='lat' dir='ltr'><strong>uero</strong></span> <span class='ocrx_word' id='word_1_175' title='bbox 459 3790 491 3854; x_wconf 94' lang='lat' dir='ltr'><strong>in</strong></span> <span class='ocrx_word' id='word_1_176' title='bbox 543 3790 655 3854; x_wconf 90' lang='lat' dir='ltr'><strong>latiore</strong></span> <span class='ocrx_word' id='word_1_177' title='bbox 704 3791 899 3874; x_wconf 91' lang='lat' dir='ltr'><strong>publicorum</strong></span> <span class='ocrx_word' id='word_1_178' title='bbox 945 3791 1129 3855; x_wconf 83' lang='lat' dir='ltr'><strong>iudiciorum</strong></span> <span class='ocrx_word' id='word_1_179' title='bbox 1176 3789 1319 3855; x_wconf 89' lang='lat' dir='ltr'><strong>doctriua</strong></span> 
     </span>
    </p>
   </div>
   <div class='ocr_carea' id='block_1_7' title="bbox 0 0 1702 5314">
    <p class='ocr_par' dir='ltr' id='par_1_7' title="bbox 0 0 1702 5314">
     <span class='ocr_line' id='line_1_24' title="bbox 0 0 1702 5314; baseline 0 0"><span class='ocrx_word' id='word_1_180' title='bbox 0 0 1702 5314; x_wconf 95' lang='lat' dir='ltr'><strong> </strong></span> 
     </span>
    </p>
   </div>
  </div>
 </body>
</html>
