3154 5338
775 407 1008 474 -307-

331 596 496 680 patroni
511 601 785 680 patronaeque
801 600 838 660 et
851 603 1035 679 parentas
1049 615 1209 672 eorum«,
1226 595 1375 679 ἑκατέραν
1388 615 1446 676 μα·

333 699 419 763 ταίαν
441 699 603 772 ἀπέδειξεν
620 697 653 761 ἐν
674 701 713 784 τῇ
734 698 809 785 θείᾳ
831 697 926 763 αὐτοῦ
950 700 1096 778 διατάξει,
1120 700 1156 784 ήν
1179 698 1227 762 ἐπὶ
1250 702 1313 772 τοῖς
1334 719 1446 781 πατρο-

333 807 424 878 νικοῖς
447 800 623 866 συντέθεικε
647 801 786 877 δικαίοις·
817 802 910 866 όπότε
940 803 1000 887 γὰρ
1009 803 1033 883 1)
1064 803 1141 886 πρὸς
1160 803 1286 888 μίμησιν
1308 803 1364 885 τής
1386 803 1448 861 τῶν

332 903 500 987 εόγενῶνῖ)
524 902 704 992 διαδογής1)
735 903 789 978 τὰς
816 901 1058 989 ἀπελευθερικὰς
1086 903 1213 989 ἐποίησε
1244 899 1449 989 κληρονομίας
1564 965 1565 976 ,

298 1024 315 1074 5
332 1006 423 1095 μέχρι
446 1006 583 1090 πέμπτου
605 1005 733 1091 βαθμοῦ
755 1006 868 1080 ταύτας
886 1007 1092 1087 στενάσαςέ),
1116 1005 1194 1080 ὥςτε
1210 997 1289 1068 εῖναί
1302 1027 1368 1068 τινα
1384 1002 1450 1065 δια-

333 1109 436 1194 φορὰν
450 1108 566 1192 μεταξὺ
583 1108 717 1188 εὐγενῶν
733 1111 779 1172 καὶ
796 1108 1026 1194 ἀπελευθέραν,
1050 1107 1243 1191 ἐκέλευσενὸ)
1267 1106 1379 1183 αὐτοὺς
1395 1107 1452 1192 ἀρ-

333 1212 481 1295 κεῖσθαιῆ
515 1215 552 1298 τῇ
588 1220 755 1276 »eontra
783 1211 968 1276 tabulas«
1000 1213 1049 1275 καὶ
1085 1211 1213 1276 »unde
1242 1207 1447 1294 legitimi«

332 1317 379 1380 καῖ
404 1313 529 1379 »unde
552 1317 741 1396 cognati«
774 1315 985 1406 διακατογαῖς,
1017 1316 1055 1389 ἐξ
1074 1316 1118 1380 ὧν
1148 1317 1292 1380 δύνανται
1321 1315 1369 1377 καὶ
1394 1305 1452 1399 τὴν
1563 1373 1564 1416 η

333 1417 370 1491 ἐξ
390 1416 558 1481 ἀδιαθέτου
580 1418 785 1504 κληρονομίαν
806 1420 928 1494 ἑαυτοῖς
952 1424 1147 1506 περιποιῆσαι
1164 1422 1217 1482 τοῦ
1233 1415 1452 1501 ἀπελευθέρου
1563 1429 1564 1432 ’

284 1532 315 1583 10
332 1521 361 1584 oi
389 1517 442 1583 τοῦ
469 1520 624 1606 πάτρονος
650 1524 822 1603 συγγενεῖς,
853 1523 953 1607 πάσης
981 1521 1167 1608 δυσχερείας
1193 1522 1241 1584 καῖ
1271 1519 1368 1604 πέρας
1395 1518 1454 1583 οὐκ
1470 1524 1491 1574 6.

333 1620 464 1709 έγοόσης
479 1621 595 1707 πλάνης
611 1622 664 1694 τὰς
680 1622 822 1699 τοιαύτας
836 1623 1054 1709 ἐλευθερώσας
1071 1623 1264 1709 διακατογάς.
1303 1624 1332 1686 6.
1362 1619 1452 1706 ΤήνῚ)

333 1724 460 1810 έννάτην
484 1723 667 1813 διακατοχήν
690 1726 744 1812 τὴν
766 1726 934 1812 λεγομένην
968 1725 1091 1791 »unde
1117 1725 1179 1790 uir
1202 1729 1242 1788 ei
1267 1743 1390 1788 uxor«
1418 1721 1454 1784 έν

333 1825 412 1911 ἕκτῳ
435 1827 519 1912 τόπῳ
542 1825 747 1912 ἀποθέμενος,
772 1829 824 1914 τήν
834 1827 859 1910 1)
882 1827 1023 1916 δεκάτην,
1047 1829 1126 1914 φημὶ
1147 1825 1216 1908 δεῖ)
1241 1828 1294 1912 τὴν
1320 1823 1454 1890 »unde

332 1929 494 2012 cognati
514 1929 850 1996 manumissoris«
883 1932 1024 2017 περιττὴν
1050 1929 1194 2002 ἀπέδειξε
1217 1927 1267 1992 διδ
1289 1927 1346 2003 τὰς
1369 1928 1453 2012 εῖρη·

285 2048 315 2100 16
331 2031 428 2113 μένας
450 2031 562 2107 αλτίας,
589 2032 626 2106 ac
648 2032 812 2121 διεξῆλθεν
834 2033 867 2098 έν
891 2036 927 2114 τῇ
951 2035 1019 2120 περὶ
1042 2034 1147 2112 ranam)
1178 2036 1368 2117 πατρονικῶν
1390 2053 1452 2094 κει-

331 2135 410 2221 μένη
434 2135 580 2214 διατάξει,
610 2135 764 2219 ὧς[τε“)]
794 2138 898 2201 λοιπὸν
927 2135 966 2210 ἓξ
988 2137 1087 2221 μόνας
1115 2134 1233 2218 aliaest)
1265 2135 1320 2210 τὰς
1349 2136 1455 2210 πάσας

335 2236 514 2304 ordinarias
537 2237 739 2326 διακατογάς·
760 2238 816 2302 δόο
837 2239 896 2323 μὲν
912 2237 946 2302 ἐκ
960 2236 1121 2325 διαθήκης,
1149 2241 1312 2304 ‚contra
1332 2235 1456 2301 iabu-

333 2338 414 2404 las«
441 2341 491 2403 καί
515 2340 759 2405 »secundum
780 2338 983 2418 tabulas«,
1013 2341 1171 2425 τέσσαρας
1196 2339 1277 2422 δὲῑῖ)
1307 2338 1345 2411 ἐξ
1364 2337 1454 2401 ἀδια·

333 2439 429 2505 θέτου
457 2440 577 2507 nunde
599 2440 738 2507 liberi«
767 2442 889 2506 »unde
911 2440 1103 2524 legitimi«
1132 2441 1253 2507 »unde
1269 2440 1450 2524 cognati«
1472 2442 1496 2496 7Ι

282 2558 317 2609 20
338 2541 466 2608 »unde
487 2542 553 2608 uir
575 2547 615 2609 ai
636 2565 773 2609 uxor«.
819 2546 847 2609 7.
870 2543 1072 2630 Προσκείσθιυ
1088 2545 1124 2608 δὲ
1143 2543 1249 2619 αὐταῖς
1263 2547 1312 2607 καί
1328 2543 1456 2630 ἑβδόμη

334 2645 516 2734 διακατογή,
547 2648 583 2732 ήν
606 2646 724 2732 ἀρίστῳ
746 2648 885 2733 λογισμῷ
908 2649 936 2710 οῖ
957 2646 1123 2730 ρταόλοτθε
1148 2647 1321 2734 ἐπενόησαν
1343 2647 1377 2711 ἐν
1399 2649 1456 2710 έσ-

327 2749 412 2835 γάτη
436 2749 520 2822 τάξει
528 2750 565 2831 ¹⁴)
587 2753 642 2812 τοῦ
665 2749 776 2813 οἰκείου
800 2749 924 2836 ήδίκτου
940 2749 1051 2836 ταύτην
1073 2751 1351 2836 παραγγειλάμενοι
1372 2750 1455 2816 ἐκεί-

335 2871 405 2925 νοις,
428 2850 519 2934 οῖς11)
543 2851 638 2938 αιἰκὴν
660 2850 793 2938 δοθῆναι
814 2851 987 2938 ήδόγμαή
1010 2854 1147 2928 διάταξις
1169 2853 1337 2918 ἐκέλευσεν.
1377 2853 1455 2917 Ταύ-

335 2974 388 3038 την
410 2952 447 3017 δὲ
469 2953 543 3018 οὐδὲ
564 2959 632 3030 ταῖς
652 2955 686 3018 ἐκ
708 2955 860 3041 διαθήκης
883 2955 956 3020 οὐδὲ
977 2959 1045 3032 ταῖς
1064 2955 1101 3029 ἐξ
1114 2956 1282 3022 ἀδιαθέτου
1305 2958 1455 3041 συναριθ·

283 3057 402 3136 νεμεῖν
432 3055 496 3119 ἐστὶ
525 3055 697 3142 σταθερδν,
728 3059 796 3120 ἀλλ’
820 3058 970 3142 ὥςπερῙῧ)
998 3058 1176 3122 τελευταίαν
1206 3060 1254 3123 καί
1284 3060 1367 3142 παρὰ
1396 3061 1455 3146 τὴν
1567 3099 1568 3128 ;

333 3155 568 3244 ἐπινενοημένην
604 3161 688 3233 τάξιν
719 3159 886 3248 βοήθειαν,
917 3163 961 3236 ὡς
988 3161 1024 3225 δν
1054 3163 1073 3248 ή
1095 3161 1190 3249 χρεία
1219 3164 1308 3249 καλή,
1337 3161 1455 3250 ταύτην
1567 3145 1568 3150 ¹

333 3259 525 3346 έφώρμησάν
540 3284 575 3324 τε
595 3262 686 3344 xaifl)
710 3263 867 3327 δεδώκασι
891 3265 963 3326 ποτὲ
987 3265 1045 3349 μὲν
1067 3264 1101 3327 ἐκ
1124 3263 1288 3350 διαθήκης,
1320 3266 1391 3328 ποτὲ
1413 3265 1456 3330 δὲ

334 3359 371 3432 ἒξ
397 3359 582 3425 ἀδιαθέτου·
616 3360 714 3446 όνυμα
745 3362 780 3426 δὲ
810 3363 888 3450 αὐτή
915 3367 1021 3427 τοῦτο·
1054 3365 1222 3448 ‘quibus
1255 3373 1296 3432 ut
1329 3367 1456 3433 detur

332 3461 461 3545 laga¹⁸)
475 3462 538 3528 uel
552 3466 905 3532 senatusconsulto
921 3467 1031 3552 uel¹⁹)
1047 3470 1336 3537 constitutione
1351 3491 1455 3537 aom-

400 3686 423 3752 1)
441 3683 464 3738 d.
478 3685 561 3739 L1.L.
630 3686 653 3752 11)
672 3703 746 3755 συγγ.
760 3687 797 3740 Μ.
866 3689 890 3756 1)
907 3690 1042 3762 διακατοχ.
1060 3692 1103 3745 Ιιθ.
1172 3693 1196 3758 ⁴)
1215 3709 1288 3748 στεν.
1307 3695 1383 3746 ταῦτ.
1401 3691 1449 3747 12⁶.

331 3773 355 3837 1)
368 3772 408 3824 ita
420 3785 481 3823 oum
493 3769 531 3824 Vi.
541 3769 586 3824 R.:
606 3777 656 3825 eat.
669 3772 804 3832 asiaticae.
874 3775 897 3842 6)
912 3777 1035 3846 χρῆσθαι
1049 3774 1092 3829 11⁶.
1162 3777 1184 3842 ⁷)
1202 3776 1232 3828 δὲ
1249 3777 1298 3831 ἰνν,
1312 3777 1355 3832 Li
1365 3777 1407 3831 Vi.
1417 3777 1453 3833 R.

331 3849 406 3921 ἠδὲ
422 3853 471 3908 ins.
491 3854 528 3908 M.
547 3855 583 3908 11²
609 3856 652 3910 Ιό.
753 3859 777 3924 1)
795 3874 845 3913 om.
864 3859 900 3913 M.
1005 3862 1039 3929 10)
1058 3861 1082 3916 d.
1100 3861 1142 3916 Vi.
1235 3865 1270 3929 11)
1288 3864 1394 3932 τατίριίε
1413 3864 1455 3925 ὠς

332 3939 401 3994 libri.
420 3937 461 3993 ad.
567 3941 601 4008 11)
619 3940 667 3994 εῖν.
679 3942 740 4007 μόν.
753 3943 785 3997 V.
882 3944 918 4010 11)
939 3944 999 3999 add.
1012 3961 1072 3999 aum
1084 3946 1126 4000 vi.
1139 3945 1171 4001 R.
1274 3947 1310 4013 14)
1323 3947 1391 4001 διατ.
1404 3947 1453 4002 Ῑτῖ.

331 4027 367 4092 11)
385 4024 410 4080 d.
427 4023 465 4078 M.
551 4027 587 4090 ¹⁶)
605 4027 644 4086 ὡς
661 4027 693 4082 V.
784 4028 821 4095 1⁷)
839 4028 1005 4097 ἐφευρόντες
1021 4029 1065 4083 L6.
1085 4030 1126 4086 vi.
1145 4031 1178 4087 R.
1276 4032 1311 4100 ¹⁸)
1328 4033 1372 4086 uel
1389 4034 1454 4102 lage

331 4110 374 4165 Vi.
393 4108 424 4166 R
442 4111 537 4179 lagena
555 4111 592 4165 Μ.
713 4112 747 4180 11)
765 4111 896 4183 Principis
913 4113 962 4169 ins.
982 4115 1023 4172 Vi.
1043 4115 1074 4171 R.

197 4953 417 5217 Γ
441 5053 453 5270 -ζ
476 5061 528 5192 1·
570 4999 1416 5279 Q
1198 4953 1276 5063 ³¹
1325 4951 1568 5274 ,Ἰ
