3328 5318
558 386 799 450 -427-

122 557 348 640 persequimur,
379 565 433 623 aut
462 557 683 643 uindicatione,
711 561 777 626 siue
800 561 851 625 fur
874 561 940 626 siue
964 562 1044 627 alius
1070 563 1140 643 quis
1164 583 1234 628 eam
1291 551 1296 562 ’

121 681 293 763 possideat,
318 689 372 747 aut
394 684 511 748 furtiuo
526 685 732 766 condictione,
757 705 819 766 qua
835 687 986 752 aduersus
1010 687 1112 769 ipsum
1134 687 1234 752 furem

70 813 111 863 19.
122 824 288 887 possumus
316 807 460 890 experiri.
508 811 557 876 19.
581 808 622 872 Ui
649 815 753 873 autem
782 811 934 873 bonorum
962 816 1123 894 raptorum
1151 812 1233 875 actio

120 929 221 993 mlxta
237 937 297 993 est:
322 931 396 1011 quia
412 931 444 994 iu
461 931 635 1015 quadruplo
652 933 698 996 rei
714 952 838 1014 quoque
857 934 1034 1016 persecutio
1060 935 1235 999 continetur

121 1059 153 1117 et
176 1053 247 1118 ideo
275 1054 482 1138 quadruplum
510 1075 572 1120 non
600 1061 698 1120 totum
725 1057 758 1121 in
785 1077 889 1140 poena
917 1064 973 1122 est.
1020 1065 1067 1122 set
1096 1065 1127 1123 et
1154 1059 1234 1141 legis
1272 1075 1288 1126 5

121 1179 261 1258 aquiliae
285 1179 367 1244 actio
391 1179 489 1243 mixta
513 1185 574 1261 est,
603 1200 666 1245 non
689 1181 790 1244 solum
813 1181 841 1244 si
869 1181 1021 1246 aduersus
1050 1181 1236 1247 infitiantem

120 1302 152 1366 in
177 1303 303 1385 duplum
329 1309 455 1386 agatur5
481 1309 529 1368 set
551 1304 706 1368 interdum
731 1311 761 1369 et
785 1304 812 1368 si
835 1305 867 1368 in
883 1305 1029 1388 simplum
1047 1306 1234 1372 intendatur·

119 1447 195 1490 nam
218 1427 246 1490 si
269 1426 338 1506 quis
364 1427 521 1492 hominem
548 1448 651 1492 meum
679 1428 824 1492 claudum
848 1434 903 1492 aut
925 1430 1045 1493 luscum
1075 1430 1233 1510 occiderit,

119 1551 232 1630 quiin
258 1551 369 1616 eodem
396 1571 478 1615 anno
507 1552 630 1634 integer
656 1553 763 1634 fuerit,
792 1559 869 1635 puta
897 1559 969 1616 ante
993 1553 1061 1634 VII,
1086 1553 1159 1617 VIII
1182 1538 1236 1617 aut

119 1673 219 1738 etiam
247 1675 278 1738 X
305 1695 442 1758 mensos,
474 1697 567 1757 quam
594 1684 772 1758 necaretur,
807 1677 868 1741 sois
898 1677 1033 1741 iudicem
1063 1677 1117 1752 ad¹
1136 1682 1235 1742 totum
1256 1695 1288 1746 10

119 1799 298 1882 proximum
322 1820 435 1862 annum
459 1799 633 1882 respicere,
663 1819 731 1862 cum
755 1799 793 1863 de
817 1801 844 1862 Ιο
871 1799 951 1880 legis
982 1799 1085 1882 capite
1110 1805 1233 1882 agatur,

118 1929 153 1987 et
184 1923 226 1986 ad
252 1923 386 2006 pretium
415 1923 481 1987 eius
512 1923 575 1987 diei
604 1924 690 1988 litem
720 1923 898 2004 aestimare,
934 1923 966 1986 in
1001 1942 1062 2004 quo
1095 1923 1235 1989 inueniat

119 2047 261 2112 occisum
299 2067 423 2112 seruum
460 2048 585 2130 plurimi
622 2048 735 2129 fuisse,
779 2047 948 2112 secundum
987 2047 1050 2112 iam
1089 2048 1235 2112 traditam

121 2171 362 2236 distinctionem.
409 2191 482 2236 ecce
516 2171 598 2236 enim
627 2171 797 2252 quomodo,
826 2172 900 2236 licet
927 2172 1072 2256 simplum
1100 2179 1234 2256 petatur,

120 2299 228 2359 tamen
239 2315 361 2378 poenae
380 2317 502 2377 quoque
514 2297 765 2380 persecutionem
781 2297 860 2361 inse
876 2297 959 2361 actio
973 2298 1140 2362 contineat.
1165 2318 1235 2362 oum
1256 2315 1287 2366 15

120 2419 206 2484 euim
231 2419 352 2484 occisus
376 2441 485 2485 seruus
510 2421 676 2485 occisionis
693 2427 832 2504 tempore
851 2421 931 2486 forte
947 2423 978 2484 X
995 2422 1098 2486 aureis
1123 2421 1235 2504 dignus

122 2550 218 2626 esset,
243 2544 461 2609 condemnatio
484 2545 517 2608 in
542 2545 565 2609 O
589 2566 701 2610 aureos
725 2545 766 2628 fit,
789 2567 862 2610 nam
886 2546 913 2610 is
937 2547 1016 2611 tanti
1035 2547 1148 2627 fuerat,
1173 2567 1234 2627 quo

76 2647 84 2663 ¹
118 2667 263 2752 tempore
287 2669 409 2752 integer
435 2675 511 2734 erat.
557 2671 672 2734 Mixta
695 2670 767 2734 item
792 2676 840 2734 est
863 2670 945 2734 actio
972 2671 1005 2734 in
1028 2671 1087 2734 hac
1111 2690 1234 2752 quoque

119 2793 238 2876 specie.
287 2813 358 2858 oum
396 2795 465 2875 quis
502 2800 676 2859 moreretur
713 2795 852 2876 legatum
889 2794 1002 2859 fideiue
1037 2793 1236 2858 commissum

118 2917 278 2981 eeclesiae
302 2918 533 2983 monasterioue
558 2918 735 2982 oratorioue
759 2917 854 2982 aliiue
878 2917 1031 2982 eiusmodi
1061 2918 1235 2982 uenerabili
1254 2935 1288 2986 20

119 3042 194 3106 loco
219 3041 343 3123 aliquit:
368 3042 480 3106 deinde
505 3043 558 3124 qui
580 3043 719 3124 legatum
742 3041 855 3106 fideiue
872 3043 1071 3107 commissum
1087 3042 1233 3122 debebat,

121 3166 244 3230 tamdiu
268 3166 343 3230 dare
368 3167 494 3250 distulit,
519 3167 618 3232 donec
635 3167 667 3230 in
682 3167 829 3231 iudicium
845 3172 975 3231 uocatus
993 3166 1127 3231 adesset.
1162 3173 1234 3230 tuuc

118 3290 239 3355 etenim
262 3298 293 3354 et
316 3291 417 3374 ipsam
440 3312 506 3356 rem
529 3292 581 3356 uel
603 3292 768 3374 pecuniam
783 3299 978 3356 numeratam
1001 3291 1142 3356 relictam
1159 3290 1234 3355 dare
