<?xml version="1.0" encoding="UTF-8"?>
<!DOCTYPE html PUBLIC "-//W3C//DTD XHTML 1.0 Transitional//EN"
    "http://www.w3.org/TR/xhtml1/DTD/xhtml1-transitional.dtd">
<html xmlns="http://www.w3.org/1999/xhtml" xml:lang="en" lang="en">
 <head>
  <title>
</title>
<meta http-equiv="Content-Type" content="text/html;charset=utf-8" />
  <meta name='ocr-system' content='tesseract 3.04.00' />
  <meta name='ocr-capabilities' content='ocr_page ocr_carea ocr_par ocr_line ocrx_word'/>
</head>
<body>
  <div class='ocr_page' id='page_1' title='image "./institutionumgr01linggoog_0031.png"; bbox 0 0 3370 5350; ppageno 0'>
   <div class='ocr_carea' id='block_1_1' title="bbox 593 403 825 472">
    <p class='ocr_par' dir='ltr' id='par_1_1' title="bbox 593 403 825 472">
     <span class='ocr_line' id='line_1_1' title="bbox 593 403 825 472; baseline -0.004 0"><span class='ocrx_word' id='word_1_1' title='bbox 593 403 825 472; x_wconf 81' lang='lat'>-266-</span> 
     </span>
    </p>
   </div>
   <div class='ocr_carea' id='block_1_2' title="bbox 141 577 1317 2704">
    <p class='ocr_par' dir='ltr' id='par_1_2' title="bbox 141 577 1317 2704">
     <span class='ocr_line' id='line_1_2' title="bbox 154 577 1268 678; baseline 0.006 -24"><span class='ocrx_word' id='word_1_2' title='bbox 154 589 263 655; x_wconf 79' lang='lat' dir='ltr'><strong>herent</strong></span> <span class='ocrx_word' id='word_1_3' title='bbox 283 593 414 670; x_wconf 85' lang='lat' dir='ltr'><strong>partem.</strong></span> <span class='ocrx_word' id='word_1_4' title='bbox 451 587 480 654; x_wconf 92' lang='lat' dir='ltr'><strong>si</strong></span> <span class='ocrx_word' id='word_1_5' title='bbox 503 607 578 656; x_wconf 89' lang='lat' dir='ltr'><strong>uero</strong></span> <span class='ocrx_word' id='word_1_6' title='bbox 599 591 669 673; x_wconf 79' lang='lat' dir='ltr'><strong>quin</strong></span> <span class='ocrx_word' id='word_1_7' title='bbox 691 596 833 658; x_wconf 90' lang='lat' dir='ltr'><strong>mortuus</strong></span> <span class='ocrx_word' id='word_1_8' title='bbox 854 577 953 660; x_wconf 69' lang='lat' dir='ltr'><strong>tuerit·</strong></span> <span class='ocrx_word' id='word_1_9' title='bbox 969 591 1066 660; x_wconf 82' lang='lat' dir='ltr'><strong>tilium</strong></span> <span class='ocrx_word' id='word_1_10' title='bbox 1088 592 1268 678; x_wconf 79' lang='lat' dir='ltr'><strong>relinquens</strong></span> 
     </span>
     <span class='ocr_line' id='line_1_3' title="bbox 151 706 1268 796; baseline 0.007 -25"><span class='ocrx_word' id='word_1_11' title='bbox 151 707 203 774; x_wconf 88' lang='lat' dir='ltr'><strong>uel</strong></span> <span class='ocrx_word' id='word_1_12' title='bbox 224 726 262 773; x_wconf 83' lang='lat' dir='ltr'><strong>ex</strong></span> <span class='ocrx_word' id='word_1_13' title='bbox 283 706 349 772; x_wconf 87' lang='lat' dir='ltr'><strong>filia</strong></span> <span class='ocrx_word' id='word_1_14' title='bbox 371 715 571 790; x_wconf 80' lang='lat' dir='ltr'><strong>praemortuo</strong></span> <span class='ocrx_word' id='word_1_15' title='bbox 592 716 736 792; x_wconf 82' lang='lat' dir='ltr'><strong>nepotem</strong></span> <span class='ocrx_word' id='word_1_16' title='bbox 765 716 945 792; x_wconf 77' lang='lat' dir='ltr'><strong>septenne,</strong></span> <span class='ocrx_word' id='word_1_17' title='bbox 975 718 1176 795; x_wconf 82' lang='lat' dir='ltr'><strong>pronepotem</strong></span> <span class='ocrx_word' id='word_1_18' title='bbox 1198 730 1268 796; x_wconf 79' lang='lat' dir='ltr'><strong>pro</strong></span> 
     </span>
     <span class='ocr_line' id='line_1_4' title="bbox 156 827 1266 914; baseline 0.007 -23"><span class='ocrx_word' id='word_1_19' title='bbox 156 835 327 907; x_wconf 84' lang='lat' dir='ltr'><strong>neptemue‚</strong></span> <span class='ocrx_word' id='word_1_20' title='bbox 350 827 433 894; x_wconf 83' lang='lat' dir='ltr'><strong>filius</strong></span> <span class='ocrx_word' id='word_1_21' title='bbox 455 829 580 910; x_wconf 88' lang='lat' dir='ltr'><strong>quidem</strong></span> <span class='ocrx_word' id='word_1_22' title='bbox 603 827 682 894; x_wconf 90' lang='lat' dir='ltr'>VIII</span> <span class='ocrx_word' id='word_1_23' title='bbox 703 831 810 896; x_wconf 85' lang='lat' dir='ltr'><strong>uncias</strong></span> <span class='ocrx_word' id='word_1_24' title='bbox 833 831 974 914; x_wconf 80' lang='lat' dir='ltr'><strong>accipiet,</strong></span> <span class='ocrx_word' id='word_1_25' title='bbox 997 849 1093 914; x_wconf 91' lang='lat' dir='ltr'><strong>nepos</strong></span> <span class='ocrx_word' id='word_1_26' title='bbox 1114 851 1190 898; x_wconf 87' lang='lat' dir='ltr'><strong>uero</strong></span> <span class='ocrx_word' id='word_1_27' title='bbox 1213 851 1266 899; x_wconf 88' lang='lat' dir='ltr'><strong>ne·</strong></span> 
     </span>
     <span class='ocr_line' id='line_1_5' title="bbox 154 947 1267 1032; baseline 0.007 -22"><span class='ocrx_word' id='word_1_28' title='bbox 154 948 254 1028; x_wconf 90' lang='lat' dir='ltr'><strong>ptisue</strong></span> <span class='ocrx_word' id='word_1_29' title='bbox 277 965 430 1030; x_wconf 84' lang='lat' dir='ltr'><strong>pronepos</strong></span> <span class='ocrx_word' id='word_1_30' title='bbox 452 947 654 1031; x_wconf 91' lang='lat' dir='ltr'><strong>proneptisue</strong></span> <span class='ocrx_word' id='word_1_31' title='bbox 676 967 713 1014; x_wconf 85' lang='lat' dir='ltr'><strong>ex</strong></span> <span class='ocrx_word' id='word_1_32' title='bbox 735 947 801 1014; x_wconf 87' lang='lat' dir='ltr'><strong>filia</strong></span> <span class='ocrx_word' id='word_1_33' title='bbox 829 957 1029 1032; x_wconf 85' lang='lat' dir='ltr'><strong>praemortua</strong></span> <span class='ocrx_word' id='word_1_34' title='bbox 1050 947 1132 1030; x_wconf 89' lang='lat'>1111,</span> <span class='ocrx_word' id='word_1_35' title='bbox 1162 951 1196 1017; x_wconf 89' lang='lat' dir='ltr'><strong>id</strong></span> <span class='ocrx_word' id='word_1_36' title='bbox 1218 957 1267 1018; x_wconf 90' lang='lat' dir='ltr'><strong>est</strong></span> 
     </span>
     <span class='ocr_line' id='line_1_6' title="bbox 151 1065 1317 1152; baseline 0.008 -22"><span class='ocrx_word' id='word_1_37' title='bbox 151 1065 251 1131; x_wconf 89' lang='lat' dir='ltr'><strong>minus</strong></span> <span class='ocrx_word' id='word_1_38' title='bbox 275 1067 401 1133; x_wconf 87' lang='lat' dir='ltr'><strong>tertiam</strong></span> <span class='ocrx_word' id='word_1_39' title='bbox 423 1074 544 1150; x_wconf 85' lang='lat' dir='ltr'><strong>partem</strong></span> <span class='ocrx_word' id='word_1_40' title='bbox 567 1087 659 1152; x_wconf 88' lang='lat' dir='ltr'><strong>quam</strong></span> <span class='ocrx_word' id='word_1_41' title='bbox 683 1075 784 1136; x_wconf 88' lang='lat' dir='ltr'><strong>mater</strong></span> <span class='ocrx_word' id='word_1_42' title='bbox 805 1070 856 1134; x_wconf 90' lang='lat' dir='ltr'><strong>uel</strong></span> <span class='ocrx_word' id='word_1_43' title='bbox 878 1069 950 1135; x_wconf 87' lang='lat' dir='ltr'><strong>auio</strong></span> <span class='ocrx_word' id='word_1_44' title='bbox 972 1087 1079 1136; x_wconf 87' lang='lat' dir='ltr'><strong>eorum</strong></span> <span class='ocrx_word' id='word_1_45' title='bbox 1102 1071 1127 1138; x_wconf 90' lang='lat' dir='ltr'><strong>si</strong></span> <span class='ocrx_word' id='word_1_46' title='bbox 1145 1071 1267 1138; x_wconf 86' lang='lat' dir='ltr'><strong>uiueret</strong></span> <span class='ocrx_word' id='word_1_47' title='bbox 1300 1071 1317 1124; x_wconf 83' lang='lat'>⁵</span> 
     </span>
     <span class='ocr_line' id='line_1_7' title="bbox 149 1189 1267 1270; baseline 0.008 -20"><span class='ocrx_word' id='word_1_48' title='bbox 149 1189 314 1270; x_wconf 85' lang='lat' dir='ltr'><strong>acciperet.</strong></span> <span class='ocrx_word' id='word_1_49' title='bbox 359 1195 460 1252; x_wconf 87' lang='lat' dir='ltr'><strong>mater</strong></span> <span class='ocrx_word' id='word_1_50' title='bbox 481 1190 562 1254; x_wconf 91' lang='lat' dir='ltr'><strong>enim</strong></span> <span class='ocrx_word' id='word_1_51' title='bbox 584 1207 691 1256; x_wconf 87' lang='lat' dir='ltr'><strong>eornm</strong></span> <span class='ocrx_word' id='word_1_52' title='bbox 714 1189 765 1255; x_wconf 89' lang='lat' dir='ltr'><strong>uel</strong></span> <span class='ocrx_word' id='word_1_53' title='bbox 787 1190 860 1256; x_wconf 84' lang='lat' dir='ltr'><strong>euin</strong></span> <span class='ocrx_word' id='word_1_54' title='bbox 880 1189 992 1256; x_wconf 74' lang='lat' dir='ltr'><strong>uiuent</strong></span> <span class='ocrx_word' id='word_1_55' title='bbox 1007 1192 1167 1258; x_wconf 88' lang='lat' dir='ltr'><strong>semissem</strong></span> <span class='ocrx_word' id='word_1_56' title='bbox 1188 1191 1267 1259; x_wconf 79' lang='lat' dir='ltr'><strong>acei-</strong></span> 
     </span>
     <span class='ocr_line' id='line_1_8' title="bbox 148 1308 1266 1390; baseline 0.006 -20"><span class='ocrx_word' id='word_1_57' title='bbox 148 1313 248 1387; x_wconf 87' lang='lat' dir='ltr'><strong>peret:</strong></span> <span class='ocrx_word' id='word_1_58' title='bbox 271 1308 341 1387; x_wconf 91' lang='lat' dir='ltr'><strong>ipsa</strong></span> <span class='ocrx_word' id='word_1_59' title='bbox 361 1324 437 1374; x_wconf 90' lang='lat' dir='ltr'><strong>uero</strong></span> <span class='ocrx_word' id='word_1_60' title='bbox 459 1313 592 1385; x_wconf 78' lang='lat' dir='ltr'><strong>mortua,</strong></span> <span class='ocrx_word' id='word_1_61' title='bbox 615 1325 711 1388; x_wconf 91' lang='lat' dir='ltr'><strong>nepos</strong></span> <span class='ocrx_word' id='word_1_62' title='bbox 733 1309 784 1374; x_wconf 90' lang='lat' dir='ltr'><strong>uel</strong></span> <span class='ocrx_word' id='word_1_63' title='bbox 806 1327 960 1390; x_wconf 79' lang='lat' dir='ltr'><strong>pronepos</strong></span> <span class='ocrx_word' id='word_1_64' title='bbox 975 1329 1013 1375; x_wconf 85' lang='lat' dir='ltr'><strong>ex</strong></span> <span class='ocrx_word' id='word_1_65' title='bbox 1027 1328 1065 1376; x_wconf 84' lang='lat' dir='ltr'><strong>eo</strong></span> <span class='ocrx_word' id='word_1_66' title='bbox 1080 1310 1182 1376; x_wconf 87' lang='lat' dir='ltr'><strong>minus</strong></span> <span class='ocrx_word' id='word_1_67' title='bbox 1203 1317 1266 1377; x_wconf 87' lang='lat' dir='ltr'><strong>ter-</strong></span> 
     </span>
     <span class='ocr_line' id='line_1_9' title="bbox 149 1426 1264 1510; baseline 0.007 -22"><span class='ocrx_word' id='word_1_68' title='bbox 149 1426 222 1489; x_wconf 86' lang='lat' dir='ltr'><strong>tiam</strong></span> <span class='ocrx_word' id='word_1_69' title='bbox 244 1432 369 1508; x_wconf 87' lang='lat' dir='ltr'><strong>partem</strong></span> <span class='ocrx_word' id='word_1_70' title='bbox 393 1427 544 1510; x_wconf 90' lang='lat' dir='ltr'><strong>(semissis</strong></span> <span class='ocrx_word' id='word_1_71' title='bbox 566 1433 670 1494; x_wconf 86' lang='lat' dir='ltr'><strong>eutem</strong></span> <span class='ocrx_word' id='word_1_72' title='bbox 692 1428 788 1496; x_wconf 88' lang='lat' dir='ltr'><strong>tertia</strong></span> <span class='ocrx_word' id='word_1_73' title='bbox 817 1447 889 1510; x_wconf 86' lang='lat' dir='ltr'><strong>pars</strong></span> <span class='ocrx_word' id='word_1_74' title='bbox 916 1435 1041 1495; x_wconf 88' lang='lat' dir='ltr'><strong>sextans</strong></span> <span class='ocrx_word' id='word_1_75' title='bbox 1068 1435 1117 1496; x_wconf 90' lang='lat' dir='ltr'><strong>est</strong></span> <span class='ocrx_word' id='word_1_76' title='bbox 1144 1429 1264 1497; x_wconf 85' lang='lat' dir='ltr'><strong>heredi·</strong></span> 
     </span>
     <span class='ocr_line' id='line_1_10' title="bbox 146 1523 1264 1628; baseline 0.004 -19"><span class='ocrx_word' id='word_1_77' title='bbox 146 1545 232 1627; x_wconf 81' lang='lat' dir='ltr'><strong>tatis)</strong></span> <span class='ocrx_word' id='word_1_78' title='bbox 254 1547 389 1628; x_wconf 82' lang='lat' dir='ltr'><strong>accipiet</strong></span> <span class='ocrx_word' id='word_1_79' title='bbox 410 1555 559 1628; x_wconf 85' lang='lat' dir='ltr'><strong>paternae</strong></span> <span class='ocrx_word' id='word_1_80' title='bbox 581 1567 637 1613; x_wconf 91' lang='lat' dir='ltr'><strong>seu</strong></span> <span class='ocrx_word' id='word_1_81' title='bbox 660 1549 764 1614; x_wconf 88' lang='lat' dir='ltr'><strong>auitae</strong></span> <span class='ocrx_word' id='word_1_82' title='bbox 787 1543 978 1615; x_wconf 82' lang='lat' dir='ltr'><strong>hereditatis.</strong></span> <span class='ocrx_word' id='word_1_83' title='bbox 1016 1545 1052 1613; x_wconf 89' lang='lat' dir='ltr'><strong>Si</strong></span> <span class='ocrx_word' id='word_1_84' title='bbox 1079 1565 1154 1614; x_wconf 88' lang='lat' dir='ltr'><strong>uero</strong></span> <span class='ocrx_word' id='word_1_85' title='bbox 1167 1523 1264 1614; x_wconf 28' lang='lat' dir='ltr'><strong>*femi-</strong></span> 
     </span>
     <span class='ocr_line' id='line_1_11' title="bbox 147 1665 1316 1752; baseline 0.005 -24"><span class='ocrx_word' id='word_1_86' title='bbox 147 1684 214 1729; x_wconf 87' lang='lat' dir='ltr'><strong>nam</strong></span> <span class='ocrx_word' id='word_1_87' title='bbox 237 1666 318 1730; x_wconf 93' lang='lat' dir='ltr'><strong>mori</strong></span> <span class='ocrx_word' id='word_1_88' title='bbox 341 1667 505 1749; x_wconf 86' lang='lat' dir='ltr'><strong>contigerit</strong></span> <span class='ocrx_word' id='word_1_89' title='bbox 526 1665 624 1731; x_wconf 89' lang='lat' dir='ltr'><strong>filium</strong></span> <span class='ocrx_word' id='word_1_90' title='bbox 646 1668 872 1748; x_wconf 89' lang='lat' dir='ltr'><strong>relinquentem</strong></span> <span class='ocrx_word' id='word_1_91' title='bbox 896 1666 946 1732; x_wconf 91' lang='lat' dir='ltr'><strong>uel</strong></span> <span class='ocrx_word' id='word_1_92' title='bbox 967 1665 1075 1743; x_wconf 88' lang='lat' dir='ltr'><strong>filiam,</strong></span> <span class='ocrx_word' id='word_1_93' title='bbox 1097 1666 1149 1733; x_wconf 90' lang='lat' dir='ltr'><strong>uel</strong></span> <span class='ocrx_word' id='word_1_94' title='bbox 1171 1672 1316 1752; x_wconf 89' lang='lat' dir='ltr'><strong>nepo-1⁰</strong></span> 
     </span>
     <span class='ocr_line' id='line_1_12' title="bbox 150 1779 1265 1870; baseline 0.004 -22"><span class='ocrx_word' id='word_1_95' title='bbox 150 1791 210 1848; x_wconf 92' lang='lat' dir='ltr'><strong>tem</strong></span> <span class='ocrx_word' id='word_1_96' title='bbox 232 1787 287 1850; x_wconf 87' lang='lat' dir='ltr'><strong>uel</strong></span> <span class='ocrx_word' id='word_1_97' title='bbox 310 1793 481 1869; x_wconf 87' lang='lat' dir='ltr'><strong>pronepote</strong></span> <span class='ocrx_word' id='word_1_98' title='bbox 503 1806 540 1852; x_wconf 86' lang='lat' dir='ltr'><strong>ex</strong></span> <span class='ocrx_word' id='word_1_99' title='bbox 562 1785 625 1852; x_wconf 89' lang='lat' dir='ltr'><strong>filio</strong></span> <span class='ocrx_word' id='word_1_100' title='bbox 647 1785 752 1852; x_wconf 87' lang='lat' dir='ltr'><strong>filiaue</strong></span> <span class='ocrx_word' id='word_1_101' title='bbox 773 1787 997 1870; x_wconf 82' lang='lat' dir='ltr'><strong>praemortuis,</strong></span> <span class='ocrx_word' id='word_1_102' title='bbox 1021 1785 1105 1852; x_wconf 85' lang='lat' dir='ltr'><strong>filius</strong></span> <span class='ocrx_word' id='word_1_103' title='bbox 1127 1787 1179 1852; x_wconf 92' lang='lat' dir='ltr'><strong>uel</strong></span> <span class='ocrx_word' id='word_1_104' title='bbox 1200 1779 1265 1852; x_wconf 85' lang='lat' dir='ltr'><strong>filia</strong></span> 
     </span>
     <span class='ocr_line' id='line_1_13' title="bbox 147 1902 1262 1988; baseline 0.002 -20"><span class='ocrx_word' id='word_1_105' title='bbox 147 1902 222 1968; x_wconf 88' lang='lat' dir='ltr'>VIII</span> <span class='ocrx_word' id='word_1_106' title='bbox 243 1906 355 1970; x_wconf 85' lang='lat' dir='ltr'><strong>uncias</strong></span> <span class='ocrx_word' id='word_1_107' title='bbox 378 1907 517 1988; x_wconf 79' lang='lat' dir='ltr'><strong>accipiet,</strong></span> <span class='ocrx_word' id='word_1_108' title='bbox 539 1905 622 1972; x_wconf 89' lang='lat' dir='ltr'><strong>filius</strong></span> <span class='ocrx_word' id='word_1_109' title='bbox 644 1925 718 1974; x_wconf 87' lang='lat' dir='ltr'><strong>uero</strong></span> <span class='ocrx_word' id='word_1_110' title='bbox 741 1925 795 1972; x_wconf 92' lang='lat' dir='ltr'><strong>seu</strong></span> <span class='ocrx_word' id='word_1_111' title='bbox 819 1905 882 1972; x_wconf 88' lang='lat' dir='ltr'><strong>filia</strong></span> <span class='ocrx_word' id='word_1_112' title='bbox 903 1913 1172 1988; x_wconf 85' lang='lat' dir='ltr'><strong>praemortuorum</strong></span> <span class='ocrx_word' id='word_1_113' title='bbox 1187 1904 1262 1986; x_wconf 81' lang='lat' dir='ltr'><strong>IIII¹</strong></span> 
     </span>
     <span class='ocr_line' id='line_1_14' title="bbox 148 2023 1263 2108; baseline 0.004 -20"><span class='ocrx_word' id='word_1_114' title='bbox 148 2024 178 2088; x_wconf 87' lang='lat' dir='ltr'><strong>id</strong></span> <span class='ocrx_word' id='word_1_115' title='bbox 200 2029 249 2089; x_wconf 89' lang='lat' dir='ltr'><strong>est</strong></span> <span class='ocrx_word' id='word_1_116' title='bbox 271 2031 307 2090; x_wconf 89' lang='lat' dir='ltr'><strong>et</strong></span> <span class='ocrx_word' id='word_1_117' title='bbox 327 2023 388 2108; x_wconf 88' lang='lat' dir='ltr'><strong>ipsi</strong></span> <span class='ocrx_word' id='word_1_118' title='bbox 409 2026 511 2092; x_wconf 90' lang='lat' dir='ltr'><strong>minus</strong></span> <span class='ocrx_word' id='word_1_119' title='bbox 538 2027 662 2092; x_wconf 82' lang='lat' dir='ltr'><strong>teritum</strong></span> <span class='ocrx_word' id='word_1_120' title='bbox 691 2032 811 2108; x_wconf 87' lang='lat' dir='ltr'><strong>partem</strong></span> <span class='ocrx_word' id='word_1_121' title='bbox 841 2044 933 2108; x_wconf 84' lang='lat' dir='ltr'><strong>quam</strong></span> <span class='ocrx_word' id='word_1_122' title='bbox 960 2033 1052 2108; x_wconf 84' lang='lat' dir='ltr'><strong>peter</strong></span> <span class='ocrx_word' id='word_1_123' title='bbox 1078 2043 1186 2091; x_wconf 91' lang='lat' dir='ltr'><strong>eorum</strong></span> <span class='ocrx_word' id='word_1_124' title='bbox 1213 2043 1263 2092; x_wconf 84' lang='lat' dir='ltr'><strong>ao·</strong></span> 
     </span>
     <span class='ocr_line' id='line_1_15' title="bbox 146 2145 1262 2226; baseline 0.002 -18"><span class='ocrx_word' id='word_1_125' title='bbox 146 2151 297 2226; x_wconf 81' lang='lat' dir='ltr'><strong>capturus</strong></span> <span class='ocrx_word' id='word_1_126' title='bbox 319 2145 423 2211; x_wconf 85' lang='lat' dir='ltr'><strong>fuerat</strong></span> <span class='ocrx_word' id='word_1_127' title='bbox 445 2147 495 2212; x_wconf 93' lang='lat' dir='ltr'><strong>uel</strong></span> <span class='ocrx_word' id='word_1_128' title='bbox 519 2153 619 2212; x_wconf 88' lang='lat' dir='ltr'><strong>mater</strong></span> <span class='ocrx_word' id='word_1_129' title='bbox 640 2145 691 2212; x_wconf 91' lang='lat' dir='ltr'><strong>uel</strong></span> <span class='ocrx_word' id='word_1_130' title='bbox 713 2165 792 2212; x_wconf 88' lang='lat' dir='ltr'><strong>anns</strong></span> <span class='ocrx_word' id='word_1_131' title='bbox 815 2145 866 2211; x_wconf 92' lang='lat' dir='ltr'><strong>uel</strong></span> <span class='ocrx_word' id='word_1_132' title='bbox 887 2147 960 2212; x_wconf 80' lang='lat' dir='ltr'><strong>auin</strong></span> <span class='ocrx_word' id='word_1_133' title='bbox 981 2163 1037 2212; x_wconf 89' lang='lat' dir='ltr'><strong>sen</strong></span> <span class='ocrx_word' id='word_1_134' title='bbox 1060 2145 1183 2225; x_wconf 85' lang='lat' dir='ltr'><strong>paterni</strong></span> <span class='ocrx_word' id='word_1_135' title='bbox 1205 2161 1262 2210; x_wconf 88' lang='lat' dir='ltr'><strong>sou</strong></span> 
     </span>
     <span class='ocr_line' id='line_1_16' title="bbox 143 2264 1313 2347; baseline 0.001 -20"><span class='ocrx_word' id='word_1_136' title='bbox 143 2266 283 2330; x_wconf 80' lang='lat' dir='ltr'><strong>maternI.</strong></span> <span class='ocrx_word' id='word_1_137' title='bbox 314 2265 438 2347; x_wconf 87' lang='lat' dir='ltr'><strong>quondo</strong></span> <span class='ocrx_word' id='word_1_138' title='bbox 461 2268 541 2331; x_wconf 92' lang='lat' dir='ltr'><strong>enim</strong></span> <span class='ocrx_word' id='word_1_139' title='bbox 565 2266 679 2332; x_wconf 82' lang='lat' dir='ltr'><strong>femina</strong></span> <span class='ocrx_word' id='word_1_140' title='bbox 700 2271 824 2331; x_wconf 88' lang='lat' dir='ltr'><strong>mortua</strong></span> <span class='ocrx_word' id='word_1_141' title='bbox 845 2265 896 2344; x_wconf 86' lang='lat' dir='ltr'><strong>sit,</strong></span> <span class='ocrx_word' id='word_1_142' title='bbox 918 2265 1006 2330; x_wconf 83' lang='lat' dir='ltr'><strong>cuins</strong></span> <span class='ocrx_word' id='word_1_143' title='bbox 1029 2265 1068 2329; x_wconf 86' lang='lat' dir='ltr'><strong>de</strong></span> <span class='ocrx_word' id='word_1_144' title='bbox 1088 2264 1313 2330; x_wconf 75' lang='lat' dir='ltr'><strong>hereditatem</strong></span> 
     </span>
     <span class='ocr_line' id='line_1_17' title="bbox 143 2381 1260 2464; baseline 0.001 -17"><span class='ocrx_word' id='word_1_145' title='bbox 143 2383 255 2464; x_wconf 83' lang='lat' dir='ltr'><strong>agitur,</strong></span> <span class='ocrx_word' id='word_1_146' title='bbox 279 2383 368 2449; x_wconf 88' lang='lat' dir='ltr'><strong>nulla</strong></span> <span class='ocrx_word' id='word_1_147' title='bbox 390 2403 466 2450; x_wconf 86' lang='lat' dir='ltr'><strong>sane</strong></span> <span class='ocrx_word' id='word_1_148' title='bbox 488 2385 628 2450; x_wconf 85' lang='lat' dir='ltr'><strong>exoritur</strong></span> <span class='ocrx_word' id='word_1_149' title='bbox 649 2385 825 2450; x_wconf 82' lang='lat' dir='ltr'><strong>differentia</strong></span> <span class='ocrx_word' id='word_1_150' title='bbox 846 2391 951 2450; x_wconf 91' lang='lat' dir='ltr'><strong>utrum</strong></span> <span class='ocrx_word' id='word_1_151' title='bbox 974 2403 1012 2450; x_wconf 87' lang='lat' dir='ltr'><strong>ex</strong></span> <span class='ocrx_word' id='word_1_152' title='bbox 1032 2381 1205 2448; x_wconf 88' lang='lat' dir='ltr'><strong>masculino</strong></span> <span class='ocrx_word' id='word_1_153' title='bbox 1220 2401 1260 2448; x_wconf 88' lang='lat' dir='ltr'><strong>an</strong></span> 
     </span>
     <span class='ocr_line' id='line_1_18' title="bbox 141 2501 1260 2588; baseline 0 -20"><span class='ocrx_word' id='word_1_154' title='bbox 141 2522 177 2568; x_wconf 85' lang='lat' dir='ltr'><strong>ex</strong></span> <span class='ocrx_word' id='word_1_155' title='bbox 198 2503 349 2570; x_wconf 83' lang='lat' dir='ltr'><strong>feminino</strong></span> <span class='ocrx_word' id='word_1_156' title='bbox 371 2522 447 2570; x_wconf 86' lang='lat' dir='ltr'><strong>sexu</strong></span> <span class='ocrx_word' id='word_1_157' title='bbox 469 2512 597 2588; x_wconf 89' lang='lat' dir='ltr'><strong>nepotes</strong></span> <span class='ocrx_word' id='word_1_158' title='bbox 620 2505 671 2570; x_wconf 86' lang='lat' dir='ltr'><strong>uel</strong></span> <span class='ocrx_word' id='word_1_159' title='bbox 693 2510 880 2587; x_wconf 87' lang='lat' dir='ltr'><strong>pronepotes</strong></span> <span class='ocrx_word' id='word_1_160' title='bbox 902 2503 1101 2570; x_wconf 86' lang='lat' dir='ltr'><strong>descendunt.</strong></span> <span class='ocrx_word' id='word_1_161' title='bbox 1135 2501 1163 2568; x_wconf 91' lang='lat' dir='ltr'><strong>si</strong></span> <span class='ocrx_word' id='word_1_162' title='bbox 1184 2521 1260 2568; x_wconf 87' lang='lat' dir='ltr'><strong>uero</strong></span> 
     </span>
     <span class='ocr_line' id='line_1_19' title="bbox 146 2599 1261 2704; baseline 0 -16"><span class='ocrx_word' id='word_1_163' title='bbox 146 2623 243 2688; x_wconf 89' lang='lat' dir='ltr'><strong>uirum</strong></span> <span class='ocrx_word' id='word_1_164' title='bbox 269 2625 350 2688; x_wconf 88' lang='lat' dir='ltr'><strong>mori</strong></span> <span class='ocrx_word' id='word_1_165' title='bbox 380 2624 545 2702; x_wconf 84' lang='lat' dir='ltr'><strong>contigerit</strong></span> <span class='ocrx_word' id='word_1_166' title='bbox 574 2643 610 2690; x_wconf 86' lang='lat' dir='ltr'><strong>ex</strong></span> <span class='ocrx_word' id='word_1_167' title='bbox 643 2623 708 2690; x_wconf 86' lang='lat' dir='ltr'><strong>filie</strong></span> <span class='ocrx_word' id='word_1_168' title='bbox 733 2629 949 2704; x_wconf 86' lang='lat' dir='ltr'><strong>praemortua,</strong></span> <span class='ocrx_word' id='word_1_169' title='bbox 978 2623 1029 2688; x_wconf 89' lang='lat' dir='ltr'><strong>nel</strong></span> <span class='ocrx_word' id='word_1_170' title='bbox 1055 2599 1200 2688; x_wconf 81' lang='lat' dir='ltr'><strong>feminam</strong></span> <span class='ocrx_word' id='word_1_171' title='bbox 1223 2640 1261 2688; x_wconf 84' lang='lat' dir='ltr'><strong>ex</strong></span> 
     </span>
    </p>
   </div>
   <div class='ocr_carea' id='block_1_3' title="bbox 140 2731 1435 3306">
    <p class='ocr_par' dir='ltr' id='par_1_3' title="bbox 140 2731 1435 3184">
     <span class='ocr_line' id='line_1_20' title="bbox 142 2731 1435 2826; baseline 0 -20"><span class='ocrx_word' id='word_1_172' title='bbox 142 2740 204 2808; x_wconf 87' lang='lat' dir='ltr'><strong>filio</strong></span> <span class='ocrx_word' id='word_1_173' title='bbox 226 2741 337 2808; x_wconf 75' lang='lat' dir='ltr'><strong>filitaue</strong></span> <span class='ocrx_word' id='word_1_174' title='bbox 359 2745 566 2825; x_wconf 80' lang='lat' dir='ltr'><strong>praemortuis</strong></span> <span class='ocrx_word' id='word_1_175' title='bbox 588 2751 717 2826; x_wconf 89' lang='lat' dir='ltr'><strong>nepotes</strong></span> <span class='ocrx_word' id='word_1_176' title='bbox 739 2744 982 2826; x_wconf 85' lang='lat' dir='ltr'><strong>relinquentem,</strong></span> <span class='ocrx_word' id='word_1_177' title='bbox 1006 2741 1163 2824; x_wconf 88' lang='lat' dir='ltr'><strong>supersint</strong></span> <span class='ocrx_word' id='word_1_178' title='bbox 1185 2758 1260 2806; x_wconf 85' lang='lat' dir='ltr'><strong>uero</strong></span> <span class='ocrx_word' id='word_1_179' title='bbox 1389 2791 1392 2796; x_wconf 87' lang='lat'><em>.</em></span> <span class='ocrx_word' id='word_1_180' title='bbox 1434 2731 1435 2738; x_wconf 59' lang='lat'><em>&#39;</em></span> 
     </span>
     <span class='ocr_line' id='line_1_21' title="bbox 140 2860 1314 2946; baseline -0.002 -20"><span class='ocrx_word' id='word_1_181' title='bbox 140 2862 266 2943; x_wconf 77' lang='lat' dir='ltr'><strong>adgnati</strong></span> <span class='ocrx_word' id='word_1_182' title='bbox 292 2863 449 2942; x_wconf 86' lang='lat' dir='ltr'><strong>defuncto,</strong></span> <span class='ocrx_word' id='word_1_183' title='bbox 471 2864 637 2946; x_wconf 86' lang='lat' dir='ltr'><strong>quondam,</strong></span> <span class='ocrx_word' id='word_1_184' title='bbox 660 2872 696 2930; x_wconf 90' lang='lat' dir='ltr'><strong>nt</strong></span> <span class='ocrx_word' id='word_1_185' title='bbox 718 2863 834 2929; x_wconf 87' lang='lat' dir='ltr'><strong>dictum</strong></span> <span class='ocrx_word' id='word_1_186' title='bbox 857 2869 914 2940; x_wconf 83' lang='lat' dir='ltr'><strong>est,</strong></span> <span class='ocrx_word' id='word_1_187' title='bbox 936 2863 986 2927; x_wconf 84' lang='lat' dir='ltr'><strong>len</strong></span> <span class='ocrx_word' id='word_1_188' title='bbox 1007 2861 1066 2926; x_wconf 88' lang='lat' dir='ltr'><strong>XII</strong></span> <span class='ocrx_word' id='word_1_189' title='bbox 1081 2860 1258 2926; x_wconf 84' lang='lat' dir='ltr'><strong>tabularum</strong></span> <span class='ocrx_word' id='word_1_190' title='bbox 1275 2861 1314 2914; x_wconf 59' lang='grc' dir='ltr'><strong><em>ω</em></strong></span> 
     </span>
     <span class='ocr_line' id='line_1_22' title="bbox 142 2977 1260 3066; baseline -0.002 -21"><span class='ocrx_word' id='word_1_191' title='bbox 142 2983 294 3063; x_wconf 85' lang='lat' dir='ltr'><strong>adgnatos</strong></span> <span class='ocrx_word' id='word_1_192' title='bbox 319 2983 470 3049; x_wconf 85' lang='lat' dir='ltr'><strong>eiusmodi</strong></span> <span class='ocrx_word' id='word_1_193' title='bbox 492 2983 656 3066; x_wconf 91' lang='lat' dir='ltr'><strong>nepotibus</strong></span> <span class='ocrx_word' id='word_1_194' title='bbox 677 2982 883 3065; x_wconf 80' lang='lat' dir='ltr'><strong>praeferebat.</strong></span> <span class='ocrx_word' id='word_1_195' title='bbox 920 2980 1012 3047; x_wconf 88' lang='lat' dir='ltr'><strong>hodie</strong></span> <span class='ocrx_word' id='word_1_196' title='bbox 1033 2985 1137 3046; x_wconf 88' lang='lat' dir='ltr'><strong>autem</strong></span> <span class='ocrx_word' id='word_1_197' title='bbox 1159 2980 1186 3044; x_wconf 88' lang='lat' dir='ltr'><strong>si</strong></span> <span class='ocrx_word' id='word_1_198' title='bbox 1207 2977 1260 3044; x_wconf 83' lang='lat' dir='ltr'><strong>nel</strong></span> 
     </span>
     <span class='ocr_line' id='line_1_23' title="bbox 140 3097 1311 3184; baseline 0 -19"><span class='ocrx_word' id='word_1_199' title='bbox 140 3103 194 3167; x_wconf 90' lang='lat' dir='ltr'><strong>soli</strong></span> <span class='ocrx_word' id='word_1_200' title='bbox 216 3103 399 3169; x_wconf 87' lang='lat' dir='ltr'><strong>huiusmodi</strong></span> <span class='ocrx_word' id='word_1_201' title='bbox 422 3110 550 3184; x_wconf 90' lang='lat' dir='ltr'><strong>nepotes</strong></span> <span class='ocrx_word' id='word_1_202' title='bbox 572 3110 687 3180; x_wconf 83' lang='lat' dir='ltr'><strong>extent,</strong></span> <span class='ocrx_word' id='word_1_203' title='bbox 711 3101 814 3168; x_wconf 91' lang='lat' dir='ltr'><strong>nullus</strong></span> <span class='ocrx_word' id='word_1_204' title='bbox 837 3102 982 3184; x_wconf 84' lang='lat' dir='ltr'><strong>adgnatis</strong></span> <span class='ocrx_word' id='word_1_205' title='bbox 1011 3100 1114 3166; x_wconf 87' lang='lat' dir='ltr'><strong>aditus</strong></span> <span class='ocrx_word' id='word_1_206' title='bbox 1144 3099 1184 3165; x_wconf 86' lang='lat' dir='ltr'><strong>ad</strong></span> <span class='ocrx_word' id='word_1_207' title='bbox 1206 3097 1260 3165; x_wconf 84' lang='lat' dir='ltr'><strong>de·</strong></span> <span class='ocrx_word' id='word_1_208' title='bbox 1307 3113 1311 3122; x_wconf 84' lang='lat'><strong>·</strong></span> 
     </span>
    </p>

    <p class='ocr_par' dir='ltr' id='par_1_4' title="bbox 47 3209 1260 3316">
     <span class='ocr_line' id='line_1_24' title="bbox 140 3221 1260 3306; baseline -0.002 -20.153"><span class='ocrx_word' id='word_1_209' title='bbox 140 3221 237 3289; x_wconf 87' lang='lat' dir='ltr'><strong>iuncti</strong></span> <span class='ocrx_word' id='word_1_210' title='bbox 260 3221 471 3290; x_wconf 85' lang='lat' dir='ltr'><strong>deiunctaeue</strong></span> <span class='ocrx_word' id='word_1_211' title='bbox 492 3225 574 3290; x_wconf 88' lang='lat' dir='ltr'><strong>bona</strong></span> <span class='ocrx_word' id='word_1_212' title='bbox 596 3223 736 3304; x_wconf 88' lang='lat' dir='ltr'><strong>dabitur,</strong></span> <span class='ocrx_word' id='word_1_213' title='bbox 759 3241 828 3290; x_wconf 89' lang='lat' dir='ltr'><strong>oum</strong></span> <span class='ocrx_word' id='word_1_214' title='bbox 852 3230 884 3288; x_wconf 91' lang='lat' dir='ltr'><strong>et</strong></span> <span class='ocrx_word' id='word_1_215' title='bbox 905 3227 1034 3306; x_wconf 88' lang='lat' dir='ltr'><strong>nepotes</strong></span> <span class='ocrx_word' id='word_1_216' title='bbox 1057 3225 1089 3287; x_wconf 89' lang='lat' dir='ltr'><strong>et</strong></span> <span class='ocrx_word' id='word_1_217' title='bbox 1107 3236 1260 3304; x_wconf 81' lang='lat' dir='ltr'><strong>pronepo-</strong></span> 
     </span>
    </p>
   </div>
   <div class='ocr_carea' id='block_1_4' title="bbox 0 0 1690 5350">
    <p class='ocr_par' dir='ltr' id='par_1_5' title="bbox 0 0 1690 5350">
     <span class='ocr_line' id='line_1_25' title="bbox 0 0 1690 5350; baseline 0 5"><span class='ocrx_word' id='word_1_218' title='bbox 0 0 1690 5350; x_wconf 95' lang='lat' dir='ltr'><strong> </strong></span> 
     </span>
    </p>
   </div>
  </div>
 </body>
</html>
