3328 5318
590 385 815 448 *449-

135 561 190 640 qui
216 580 272 624 eas
300 560 426 640 omittit,
454 579 536 640 quae
563 560 690 624 iacilem
716 559 932 642 probationem
960 561 1078 626 habent
1109 567 1140 624 et
1168 581 1249 640 quae

135 684 270 748 solidum
286 684 386 748 actori
401 689 524 767 parant,
549 690 581 748 et
596 683 637 747 ad
652 684 808 748 actionem
824 683 863 747 de
880 684 1005 767 peculio
1022 686 1143 750 transit.
1178 706 1250 750 nam

135 808 262 873 difficile
286 815 334 873 est
356 807 489 892 primum
513 810 648 891 probare
672 814 823 890 quantum
839 809 871 872 in
887 809 1011 891 peculio
1028 809 1069 873 sit
1089 811 1152 892 (res
1168 810 1250 874 enim

135 933 312 1016 peculiares
337 933 495 997 extraneis
518 952 581 997 non
603 937 675 997 sunt
697 933 910 1012 manifestaet:
936 938 967 997 et
990 933 1017 996 si
1040 933 1112 1014 quis
1136 953 1250 1016 magno

136 1059 245 1121 labore
269 1058 452 1140 probauerit
475 1063 625 1138 quantum
649 1057 681 1120 in
697 1057 820 1140 peculio
842 1058 891 1137 sit,
916 1058 1033 1141 poterit
1059 1058 1088 1121 ei
1112 1057 1251 1122 debitum
1289 1073 1304 1124 5

137 1183 281 1246 naturale
301 1183 425 1265 opponi,
449 1182 532 1262 quod
555 1182 711 1264 peculium
734 1182 861 1245 minuat.
902 1181 1028 1246 difficile
1056 1201 1180 1263 quoque
1205 1189 1253 1246 est

137 1307 272 1388 probare
296 1311 446 1386 quantum
470 1325 508 1369 ex
529 1325 581 1386 eo,
610 1306 694 1386 quod
717 1326 827 1370 seruus
848 1311 955 1370 mutuo
977 1307 1110 1388 accepit,
1135 1307 1167 1369 in
1187 1326 1252 1370 rem

138 1430 254 1493 domini
270 1449 395 1494 uersum
412 1436 467 1493 est.
502 1430 592 1493 Actio
614 1437 718 1493 autem
739 1431 817 1494 haec
838 1430 877 1494 de
897 1431 1022 1512 peculio
1043 1431 1200 1494 interdum
1221 1435 1253 1493 et

137 1559 171 1617 ut
183 1574 283 1635 genus
296 1559 328 1617 et
339 1559 374 1616 ut
384 1554 506 1636 species
519 1560 690 1618 exercetur.
725 1560 756 1617 et
772 1554 898 1634 quando
915 1555 948 1618 id
963 1555 1019 1619 fit?
1042 1561 1076 1618 ut
1092 1574 1165 1619 ecce
1182 1575 1252 1618 cum

138 1697 230 1742 seruo
254 1683 309 1741 tuo
334 1677 483 1759 contraxi,
506 1698 569 1741 non
593 1678 680 1741 iussu
702 1684 808 1742 tamen
824 1686 876 1742 tuo
892 1700 994 1759 neque
1018 1680 1200 1762 praeposito
1214 1699 1251 1742 eo
1273 1693 1307 1744 10

139 1803 269 1866 cuilibet
291 1801 497 1884 negotiationi
519 1803 659 1866 terrestri
683 1803 735 1866 uel
757 1803 942 1868 maritimae.
988 1804 1045 1867 hoc
1071 1804 1153 1868 enim
1177 1823 1254 1868 casu

139 1926 222 1990 actio
240 1926 279 1989 de
296 1926 419 2008 peculio
436 1931 470 1989 ut
486 1946 584 2008 genus
601 1933 696 2007 atque
720 1933 754 1990 ut
773 1928 895 2010 species
919 1928 1099 1992 intenditur.
1138 1928 1253 1992 namsi

139 2051 197 2114 tibi
226 2051 308 2114 actio
329 2050 495 2114 tributoria
519 2052 677 2134 competit,
704 2057 802 2134 poteS,
826 2072 865 2116 ea
886 2052 1011 2133 omissa,
1035 2052 1076 2116 ad
1098 2053 1253 2116 actionem

142 2175 181 2238 de
198 2174 322 2257 peculio
342 2194 398 2238 seu
410 2174 449 2238 de
462 2175 493 2238 in
510 2195 576 2238 rem
588 2195 680 2239 uerso
693 2177 841 2239 transire:
866 2176 915 2240 hio
932 2181 1037 2239 autem
1054 2196 1116 2240 non
1129 2177 1253 2240 omnino

142 2318 212 2361 enm
236 2299 456 2381 improbamna
482 2299 535 2380 qui
557 2299 755 2364 tributoriam
779 2301 892 2364 omittit
915 2310 1009 2381 atque
1033 2300 1074 2364 ad
1098 2301 1253 2364 actionem
1275 2315 1306 2366 15

142 2422 181 2486 de
205 2423 328 2505 peculio
345 2423 464 2487 transit.
503 2423 595 2487 modo
613 2425 695 2487 enirn
712 2425 793 2488 actio
810 2424 849 2488 de
865 2425 991 2506 peculio
1008 2425 1110 2506 magis
1127 2425 1254 2508 expedit

142 2568 236 2627 qnam
260 2547 439 2627 tributoria,
468 2547 558 2612 modo
585 2553 689 2612 autem
712 2549 814 2612 minuc
842 2569 936 2628 qnam
964 2549 1131 2612 tributoria
1159 2550 1254 2613 habet

142 2671 305 2735 commodi.
351 2679 383 2735 et
410 2677 483 2736 tunc
510 2672 676 2738 tributoria
704 2693 799 2754 agere
827 2673 963 2756 expedit,
987 2674 1087 2738 ueluti
1110 2674 1254 2755 quotiens

141 2797 234 2878 plura
250 2796 408 2860 naturalia
424 2803 494 2860 sunt
509 2796 630 2861 debita:
645 2818 728 2879 nam,
744 2818 814 2862 cum
826 2799 993 2862 tributoria
1009 2799 1122 2880 agitur,
1136 2799 1253 2862 nullum

141 2921 284 2984 naturale
309 2919 447 2983 debitum
471 2920 638 3002 excipitur;
663 2921 696 2984 in
711 2923 781 3004 pari
797 2923 879 2986 enim
895 2943 993 2987 causa
1009 2928 1090 3004 sunt,
1116 2943 1156 2987 ea
1172 2943 1253 3003 quae
1274 2934 1308 2985 20

143 3043 267 3108 domino
284 3051 315 3108 et
331 3064 378 3125 ea,
402 3065 484 3125 qnae
502 3045 706 3109 creditoribus
730 3046 891 3127 debentur,
915 3067 1017 3127 neque
1041 3048 1140 3111 ullum
1160 3048 1255 3130 prini-

141 3168 260 3248 legium
283 3169 315 3231 in
332 3189 371 3232 ea
387 3169 529 3234 dominns
545 3170 648 3251 habet,
672 3191 774 3252 neque
797 3171 829 3235 id
846 3172 929 3252 quod
953 3173 982 3235 ei
1002 3172 1135 3236 debetur
1158 3173 1254 3237 dedu-

143 3293 231 3355 citur.
277 3299 310 3355 at
332 3293 364 3356 in
388 3294 510 3358 actione
534 3294 572 3358 de
596 3295 720 3378 peculio
743 3296 853 3359 melior
876 3303 924 3359 est
951 3297 1094 3360 condicio
1122 3296 1254 3378 domini;

142 3417 286 3480 naturale
303 3417 385 3480 enim
402 3418 541 3482 debitum
557 3418 728 3500 deducitur,
746 3439 858 3502 nempe
874 3420 958 3500 quod
974 3420 1098 3485 domino
1112 3420 1254 3500 debetur,

143 3547 174 3604 et
197 3540 268 3604 ideo
292 3542 324 3604 in
352 3541 394 3623 id,
423 3543 508 3623 quod
530 3543 685 3625 reliquum
714 3550 777 3626 est,
812 3544 959 3608 creditori
993 3545 1077 3608 serni
1112 3545 1255 3609 dominus
1275 3555 1308 3606 25

143 3665 410 3729 condemnabitur.
449 3687 555 3732 rursus
579 3667 690 3731 melior
704 3668 834 3733 intentio
851 3669 984 3734 actionis
1001 3670 1040 3733 de
1056 3670 1180 3753 peculio
1196 3677 1254 3752 est,

143 3809 238 3869 quarn
254 3789 451 3872 tributariae3
477 3791 625 3870 qnoniam
640 3792 673 3854 in
693 3793 817 3857 actione
830 3793 869 3857 de
885 3794 1009 3876 peculio
1026 3795 1121 3859 totius
1136 3795 1253 3878 peculii

143 3913 223 3976 ratio
256 3914 401 3995 habetur,
431 3922 463 3978 at
490 3915 523 3979 in
550 3915 717 3980 tributoria
744 3917 800 3980 illa
826 3939 900 4000 pars
927 3924 1049 3983 tantum
1077 3920 1109 3983 in
1138 3919 1253 3984 iudicio

143 4043 317 4118 spectatur,
345 4037 377 4101 in
401 4059 465 4118 qua
488 4058 598 4104 seruus
622 4041 815 4122 negotiatur,
844 4043 937 4106 tertia
959 4043 1041 4108 forte
1065 4049 1255 4124 autquarta

1044 4238 1094 4290 57*
