3370 5350
578 385 641 470 ’-
686 423 833 488 arc·-

159 613 209 675 cat
229 607 317 672 bona
353 613 402 674 set
423 608 636 676 iurisconsulti
658 609 711 692 qui
734 615 808 692 post
827 609 890 677 XII
910 610 1087 676 tabularum
1109 609 1208 694 legent
1231 612 1274 680 la-

158 735 219 792 tam
241 725 386 807 floruere,
409 727 477 810 ipsa
499 726 624 810 quidem
647 729 716 810 lege
737 729 891 809 iuniores,
918 723 1142 812 principalibus
1168 739 1272 798 autent

157 847 429 914 constitutionibus
457 849 644 926 anterioreS,
679 849 846 932 suptilitati
875 849 1072 930 indulgentes
1101 849 1272 933 praelatam

157 941 411 1048 excogitauerunt
435 967 656 1040 differentiam,
681 987 734 1034 eas
756 969 786 1034 in
810 969 992 1034 uniuersum
1023 989 1041 1036 a
1071 976 1272 1053 cognatorum

159 1085 339 1168 repellentes
361 1087 567 1167 successione,
590 1089 687 1154 donec
709 1095 879 1172 praetores,
902 1096 937 1155 ut
960 1090 1076 1156 dictum
1100 1095 1157 1166 est,
1181 1089 1273 1158 iuris·
1306 1090 1323 1140 ⁵

161 1207 368 1272 consultorum
390 1208 648 1287 interpretatione
669 1207 700 1272 in
730 1209 889 1274 ciuitatem
918 1209 1127 1288 introductam
1156 1210 1272 1291 asperi-

157 1331 248 1391 tatem
279 1327 461 1392 humaniore
480 1327 678 1408 ¹corrigentes
707 1329 877 1405 sententia,
913 1325 1011 1392 ueluti
1040 1333 1188 1408 cognatas
1217 1335 1271 1395 eas

157 1455 354 1524 uocauerunt,
378 1447 427 1510 uel
451 1447 544 1510 etiam
568 1445 651 1526 quod
674 1446 782 1511 deerat
805 1453 953 1512 consueto
975 1445 1051 1526 ipsis
1073 1463 1159 1512 more
1174 1447 1271 1512 auin·

156 1554 284 1647 plectere,
306 1567 433 1632 tertium
456 1567 594 1632 ordinem
626 1575 828 1648 cognatorum
858 1567 1127 1648 excogitauerunt,
1155 1567 1271 1648 easque

155 1691 187 1748 ut
201 1692 349 1766 cognatas
365 1705 528 1763 uocauere,
554 1687 680 1752 »unde
702 1686 880 1768 cognati«
908 1687 1057 1780 bonorum
1081 1685 1127 1752 eis
1148 1692 1322 1767 posses-10

111 1806 270 1870 eosmnem
294 1805 434 1888 polliciti.
458 1804 508 1871 31).
533 1804 753 1872 Sanctissimus
776 1814 880 1872 autern
903 1807 1046 1888 princeps
1062 1813 1175 1871 noster
1201 1804 1269 1887 lege

158 1922 214 1988 ΧΙΙ
237 1927 415 1992 tabularum
438 1925 647 1990 masculorum
670 1926 907 1992 ecfeminatum
932 1927 1015 1990 circa
1044 1925 1268 1990 successionem

155 2045 361 2126 excogitatam
382 2063 513 2110 seruans
536 2044 767 2126 aequalitatem,
790 2051 951 2125 praetores
973 2043 1099 2126 quidem
1115 2025 1269 2110 ¹humani·

154 2164 224 2229 tatis
246 2183 326 2230 suae
347 2167 464 2244 laudat,
487 2165 542 2245 qui
564 2184 623 2229 non
647 2164 773 2245 penitus
794 2163 924 2229 feminas
940 2170 1028 2230 extra
1042 2166 1267 2230 successionem

153 2283 350 2365 reliquerint,
384 2283 473 2350 addit
512 2292 616 2350 autem
657 2285 741 2366 ipsos
781 2303 841 2348 non
881 2283 1004 2366 plenum
1045 2283 1196 2368 eiusmodi
1235 2284 1318 2349 into

53 2397 55 2400 ’
152 2402 278 2484 feminas
301 2405 475 2487 iniquitatis
498 2405 668 2470 remedium
691 2405 859 2470 inuenisse.
903 2403 1074 2472 eratenim
1097 2405 1265 2470 absurdum

151 2543 185 2588 ex
206 2545 268 2590 uno
294 2525 464 2608 eodemque
486 2527 587 2608 gradu
613 2527 741 2592 seminas
769 2527 894 2610 quidem
924 2544 994 2600 cum
1023 2523 1168 2592 masculis
1198 2542 1266 2590 con·

151 2660 272 2711 currere
297 2665 353 2710 nec
373 2652 494 2712 tantum
510 2655 623 2712 natura
637 2667 706 2713 csse
721 2654 871 2730 cognatas
893 2654 942 2713 set
964 2648 1055 2712 etiam
1072 2646 1266 2728 cognationis

152 2782 277 2830 seruere
300 2765 379 2842 iura,
403 2785 464 2832 non
494 2773 598 2832 autem
625 2767 718 2831 simili
745 2768 837 2831 modo
865 2785 959 2850 quam
987 2765 1140 2831 masculos
1163 2781 1267 2830 sucee-

150 2886 228 2958 dere,
243 2892 295 2950 set
309 2892 431 2950 tantum
446 2903 569 2952 sorores
581 2887 777 2967 cognationis
792 2888 860 2952 iure
875 2893 1066 2954 mortuorum
1082 2885 1169 2950 adire
1180 2885 1266 2949 here·
1283 2891 1318 2944 so

150 3003 270 3072 ditates.
304 3004 417 3084 quibus
440 3023 514 3088 ergo
537 3006 712 3072 rationibus
734 3005 947 3072 sanctissimus
970 3007 1139 3088 imperator
1160 3006 1266 3068 noster

149 3133 315 3206 permotus,
340 3123 501 3205 antiquum
525 3127 684 3190 reuocauit
706 3126 772 3202 ius,
795 3126 815 3190 i.
840 3145 866 3190 e.
890 3124 967 3206 legis
994 3123 1057 3190 XII
1078 3124 1264 3201 tabularum,

149 3262 265 3310 aesna
300 3247 521 3312 constitutione
554 3263 703 3330 personas
735 3255 808 3328 per'
825 3245 925 3310 uirilis
958 3263 1050 3311 sexus
1082 3244 1265 3326 cognatione

149 3363 268 3432 iunctas
293 3384 349 3432 seu
371 3367 457 3432 uiros
479 3385 534 3432 seu
563 3365 693 3432 feminas
721 3383 823 3446 aequa
848 3364 936 3432 lance
964 3366 1003 3430 ad
1033 3364 1205 3446 legitimam
1225 3365 1264 3429 ab

148 3484 296 3552 intestato
318 3487 544 3553 successionem
568 3487 673 3553 uocari
694 3484 795 3559 iussit,
818 3487 934 3566 gradus
956 3485 1176 3565 praerogatiua
1196 3482 1264 3548 nbi·
1281 3494 1317 3547 25

149 3623 205 3686 que
227 3614 366 3672 seruata.
400 3607 619 3687 proximiorem
642 3606 722 3670 enim
744 3605 848 3670 uirum
871 3623 927 3670 seu
948 3603 1093 3668 feminam
1123 3602 1263 3668 ulteriori

149 3725 296 3803 praeferri
319 3725 397 3805 uult,
420 3745 521 3808 neque
542 3727 612 3791 ideo
635 3727 718 3808 ipsas
741 3725 843 3790 minus
866 3724 999 3802 habere,
1026 3719 1109 3807 quod
1132 3723 1262 3806 gradum

148 3850 398 3926 praetergressos
431 3846 495 3911 sint
532 3845 838 3927 consanguineitatis.
895 3851 944 3910 set
970 3843 997 3908 si
1023 3843 1093 3923 quis
1122 3849 1264 3908 mortuus

150 3959 240 4028 luerit
263 3965 343 4029 duos
365 3967 503 4031 eiusdem
527 3965 644 4046 gradum
665 3965 818 4046 adgnatos
840 3962 1035 4044 relinquens,
1064 3979 1196 4045 quornm
1220 3958 1265 4025 el·

150 4086 192 4146 ter
212 4085 263 4149 uir
286 4085 367 4150 alter
388 4085 503 4150 lemina
525 4087 575 4165 sit,
599 4086 691 4150 simul
713 4085 859 4152 adeunto.
888 4091 924 4148 ut
945 4102 1026 4157 ecce,
1049 4081 1180 4164 exempli
1194 4099 1261 4162 gra·
1280 4089 1316 4143 eo

150 4200 202 4281 ua,
230 4201 316 4269 filius
338 4212 389 4270 est
414 4206 519 4288 patrui
552 4205 757 4286 praemortui,
785 4205 987 4285 eiusdemque
1014 4201 1092 4281 filia,
1121 4199 1265 4283 quamuis
