3298 5322
467 349 803 424 '-381—

121 536 274 616 facerent,
295 542 326 599 et
337 535 492 614 quaedam
503 535 775 618 praesumptiones
785 536 869 599 aliae
879 536 920 599 ab
931 535 1002 599 aliis
1012 535 1102 599 inhis
1115 536 1241 600 nasibus

122 660 409 742 introducerentur;
434 660 505 723 ideo
533 680 656 724 omnem
679 660 793 724 tollens
818 659 1064 724 controuersiam
1087 660 1242 742 prooessit

121 784 275 868 principis
298 784 397 848 nostri
421 785 616 860 constitutio,
645 804 726 864 quae
751 789 859 867 aperte
883 783 1016 864 definiit,
1044 791 1116 847 tuno
1140 785 1241 848 solum

120 909 191 973 fieri
212 910 428 990 nouationem,
458 909 604 989 quotiens
627 910 686 973 boo
710 909 813 992 ipsum
836 909 918 973 inter
941 909 1161 973 contrahentes
1189 928 1241 972 ex-

123 1054 270 1116 pressum
293 1034 402 1114 suerit,
427 1033 512 1114 quod
535 1041 662 1117 propter
684 1034 887 1099 nouationem
910 1033 1023 1116 prioris
1039 1033 1241 1116 obligationis
1279 1047 1294 1098 5

127 1159 171 1222 ad
194 1164 391 1241 praesentem
408 1159 613 1224 conuenerint
629 1159 870 1241 stipulationem.
905 1157 1046 1238 alioquin
1063 1164 1094 1223 et
1109 1158 1242 1242 pristina

127 1283 281 1365 obligatio
297 1290 403 1347 manet
416 1290 446 1347 et
459 1283 599 1346 secunda
615 1283 737 1347 aooedit
752 1288 784 1346 et
799 1303 872 1346 reus
888 1281 1037 1366 deinoeps
1054 1277 1093 1347 err
1108 1289 1241 1364 utraque

126 1427 226 1472 causa
248 1407 324 1470 mihi
347 1407 520 1487 tenebitur,
550 1407 642 1471 sicuti
669 1407 814 1472 definitur
836 1407 869 1470 in
892 1407 1003 1471 eadem
1027 1407 1242 1472 saeratissimo

127 1532 359 1596 constitutione.
394 1533 472 1596 haeo
490 1552 565 1596 uero
581 1532 655 1596 lioet
671 1532 810 1614 apertius
826 1551 920 1595 nosse
932 1532 1109 1614 praefatam
1124 1531 1243 1614 legenti

83 1677 110 1724 4.
123 1656 388 1720 constitutionem.
435 1661 464 1722 4.
488 1657 555 1721 Hoo
579 1656 714 1739 amplius
739 1656 960 1738 obligationes,
985 1676 1066 1736 quae
1087 1676 1242 1721 oonsensu
1262 1667 1295 1719 10

127 1781 362 1862 contrahuntur,
388 1782 546 1845 contraria
569 1781 782 1845 dissoluuntur
805 1781 974 1845 uoluntate.
1021 1781 1048 1844 si
1075 1780 1157 1844 onim
1181 1800 1241 1861 ego

124 1927 197 1970 oum
220 1907 304 1970 Titio
333 1908 371 1970 de
395 1907 442 1971 rei
470 1907 633 1971 cuiusdam
662 1907 842 1972 uenditione
870 1907 1085 1988 traotauerim‚
1113 1913 1146 1971 ut
1173 1907 1241 1989 ipse

124 2032 208 2095 huno
231 2032 360 2094 fundum
385 2053 405 2096 a
427 2052 477 2095 me
502 2039 639 2116 emptum
663 2034 794 2098 haberet
818 2039 942 2096 eentum
970 2033 1089 2114 aureis;
1118 2031 1241 2113 deinde,

125 2176 163 2219 re
186 2157 323 2220 nondum
348 2163 471 2237 secuta,
500 2157 532 2220 id
556 2165 604 2221 est
627 2178 729 2238 neque
757 2158 857 2240 pretio
886 2158 988 2222 soluto
1017 2178 1118 2240 neque
1146 2158 1241 2222 fundo

125 2281 259 2361 tradito,
296 2283 450 2364 plaouerit
484 2283 566 2347 inter
604 2269 838 2363 contrahentes,
880 2290 914 2348 ut
953 2283 1165 2348 discederetur
1200 2283 1241 2346 ab
1263 2287 1295 2338 15

124 2407 285 2489 emptione
309 2413 341 2470 et
356 2408 546 2488 uenditione‚
569 2409 704 2472 inuicem
723 2399 906 2489 liberantur,
931 2415 965 2472 ut
980 2427 1081 2488 neque
1098 2407 1243 2472 uenditor

125 2551 169 2595 ex
193 2531 319 2595 uendito
337 2552 406 2595 oum
423 2539 563 2614 emptore
580 2553 675 2614 agere
692 2533 802 2616 possit,
826 2551 928 2615 neque
945 2537 1066 2614 emptor
1082 2552 1121 2596 ex
1138 2536 1242 2614 empto

125 2675 198 2719 oum
222 2655 394 2720 uenditore.
441 2663 472 2720 et
494 2657 527 2720 id
554 2663 602 2720 est
631 2656 714 2738 quod
743 2657 867 2738 dieitur,
895 2677 930 2721 re
957 2656 1094 2720 nondum
1122 2661 1241 2736 seouta,

123 2781 289 2845 discessio.
341 2782 424 2845 idem
452 2781 584 2845 dicimus
613 2782 705 2846 etde
734 2781 891 2845 locatione
916 2787 947 2845 et
971 2781 1010 2844 de
1034 2781 1146 2845 oeteris
1171 2801 1242 2845 oon-

123 2906 290 2987 traotibuS‚
316 2908 369 2988 qui
393 2927 432 2971 ex
455 2928 608 2972 consensu
632 2907 834 2973 descendunt.
1262 2908 1297 2959 20

194 3068 332 3150 Explicit
355 3087 424 3132 eum
448 3069 517 3131 Deo
542 3068 651 3132 tertius
679 3068 758 3133 liber
780 3068 1011 3133 Institutionum
1035 3067 1176 3132 feliciter.
