3298 5322
556 371 796 436 -385-

130 547 268 612 furtiuam
290 565 356 611 reru
379 565 532 628 quaerere
555 545 688 612 testibus
704 547 922 630 praesentibus
945 548 1106 612 uolentem
1129 548 1230 630 prohi-

130 671 231 736 buerit.
265 677 430 755 praeterea
441 672 562 737 inuenit
573 677 701 756 praetor
711 671 1061 737 furtinonexhibiti
1077 673 1232 738 actionem

129 795 273 861 aduersus
302 816 373 860 eum
401 797 456 878 qui
478 797 628 862 furtiuam
652 815 717 861 rem
741 795 826 879 apud
849 815 884 861 se
907 796 1086 877 quaesitam
1110 802 1141 861 et
1160 816 1232 861 eon-

128 926 242 1004 ceptam
256 940 320 984 non
341 941 454 1008 passus
470 921 511 985 sit
526 922 567 985 ab
584 941 621 985 eo
638 921 692 1004 qui
708 921 887 1004 conceperit
910 921 1038 985 auferri.
1073 921 1131 986 has
1155 941 1231 985 uero

127 1045 273 1127 actiones,
300 1045 382 1110 idest
404 1046 562 1132 concepti,
592 1047 705 1128 oblati,
733 1045 896 1128 prohibiti,
927 1066 990 1111 non
1015 1046 1147 1110 exhibiti
1169 1064 1232 1108 uon
1269 1059 1284 1110 s

126 1175 203 1234 recte
216 1169 363 1234 dicuntur
375 1189 493 1252 genera
505 1190 575 1236 esse
587 1171 751 1250 furtorum,
768 1190 839 1234 cum
855 1170 977 1254 species
990 1171 1052 1236 sint
1064 1169 1231 1249 actionum,

126 1313 210 1376 quae,
235 1294 319 1359 furto
342 1294 406 1358 iam
430 1294 581 1376 admisso,
606 1295 710 1360 locum
733 1295 864 1360 habent:
892 1295 1000 1374 itaque
1025 1299 1056 1358 et
1079 1295 1232 1358 aduersus

125 1438 203 1499 eum,
232 1417 286 1498 qui
308 1418 377 1502 ipse
405 1418 456 1482 fur
477 1437 541 1482 non
569 1419 623 1500 sit,
653 1418 807 1483 interdurn
835 1424 1022 1502 competunt.
1068 1437 1131 1482 non
1159 1418 1233 1483 licet

124 1541 216 1624 igitur
245 1541 338 1606 hodie
366 1562 422 1607 eas
455 1543 595 1607 actiones
627 1543 819 1626 principales
852 1543 1023 1626 appellare.
1078 1542 1232 1607 eiusmodi

124 1686 193 1732 uero
209 1667 363 1750 actiones,
380 1687 459 1749 quas
476 1667 612 1731 diximus
627 1669 793 1750 speciebus
803 1668 956 1734 furtorum
968 1667 1152 1748 adhaerere,
1169 1687 1232 1731 non
1251 1679 1286 1731 10

122 1797 250 1873 possunt
265 1791 360 1856 hodie
382 1791 415 1856 in
435 1791 563 1858 ciuitate
580 1797 612 1856 et
635 1813 695 1856 usn
711 1793 859 1878 conspici.
894 1812 964 1856 cum
989 1793 1070 1859 enim
1094 1791 1231 1858 furtiuae

122 1914 165 1978 rei
185 1913 351 1996 requisitio
374 1915 546 1980 secundum
562 1922 701 1981 ueterem
717 1917 970 1982 obseruationem
990 1936 1053 1980 non
1069 1915 1230 1999 procedat,

122 2037 199 2104 idest
234 2039 368 2103 testibus
395 2040 630 2122 praesentibus,
664 2041 776 2104 merito
808 2061 849 2104 ex
883 2041 1109 2121 consequentia
1136 2041 1231 2104 etiam

122 2163 283 2246 praefatae
314 2163 454 2228 actiones
482 2165 523 2227 ab
550 2184 611 2228 usu
634 2165 789 2228 communi
814 2171 1021 2229 recesserunt.
1076 2163 1232 2247 explorati

122 2288 200 2351 enim
233 2287 310 2352 iuris
341 2293 389 2352 est
416 2287 604 2370 quicumque
639 2288 741 2352 sciens
775 2309 840 2353 rem
860 2289 1023 2352 furtiuum
1056 2279 1126 2353 esse
1161 2299 1283 2353 eam15

121 2412 294 2495 susceperit
310 2417 341 2477 et
357 2412 521 2494 celarent,
536 2432 606 2476 euru
618 2411 693 2476 furti
709 2432 767 2477 nec
784 2412 944 2478 manifesti
961 2433 1031 2477 esse
1052 2413 1230 2478 obnoxium.

92 2545 112 2595 5.
120 2538 147 2602 5.
169 2537 280 2602 Poena
302 2535 461 2602 manifesti
484 2536 560 2620 furti
583 2537 750 2620 quadrupli
773 2542 834 2620 est,
863 2556 921 2601 nec
944 2537 1104 2602 manifesti
1127 2537 1228 2620 dupli,

91 2669 111 2719 6.
120 2659 184 2725 siue
209 2661 300 2743 liber,
323 2661 392 2726 siue
415 2680 527 2726 seruus
549 2661 600 2725 fur
622 2663 670 2726 sit.
717 2666 746 2728 6.
768 2662 930 2726 Furtiuum
954 2681 1017 2734 non
1046 2668 1094 2725 est
1117 2663 1228 2742 solum,

119 2785 200 2865 quod
224 2790 320 2849 noctu
343 2790 399 2849 aut
420 2785 557 2850 interdiu
580 2786 661 2850 clam
677 2786 858 2869 subripitur,
882 2791 930 2850 set
946 2805 1162 2866 quaecumque
1178 2805 1230 2849 res

118 2909 242 2973 mobilis
266 2909 371 2974 aliena
386 2908 485 2974 inuito
502 2909 628 2977 domino
643 2909 859 2974 fraudulenter
875 2915 1076 2975 contrectata.
1111 2917 1142 2974 et
1158 2910 1229 2974 ideo
1249 2920 1283 2973 20

119 3033 183 3098 siue
197 3033 344 3115 creditor,
361 3034 429 3098 siue
441 3034 477 3116 is,
493 3033 578 3117 apud
590 3054 683 3115 quem
694 3053 745 3098 res
758 3035 977 3099 commendata
989 3040 1047 3117 est,
1062 3036 1230 3120 pignerata

118 3163 172 3221 aut
195 3157 340 3241 deposita
363 3177 397 3222 re
420 3163 535 3239 utatur,
559 3158 628 3222 siue
651 3159 688 3239 is,
713 3159 855 3240 quirem
878 3159 1027 3224 utendam
1050 3159 1174 3243 accepit
1197 3159 1229 3224 in

119 3282 213 3346 alium
230 3302 321 3345 usum
337 3303 408 3347 eam
424 3283 603 3363 transferat,
628 3303 722 3363 quarn
738 3281 827 3346 cuius
843 3283 947 3365 gratia
962 3284 1095 3367 aceepit,
1111 3285 1228 3347 furtum

116 3405 148 3469 in
175 3427 216 3472 ea
251 3407 428 3488 committit,
462 3407 561 3471 ueluti
588 3407 616 3470 si
650 3407 720 3487 quis
749 3428 768 3470 a
794 3427 844 3471 me
879 3414 1045 3490 argentum
1079 3409 1228 3473 utendum

116 3531 276 3615 acceperit
299 3531 391 3614 quasi
414 3531 532 3596 amicos
556 3531 731 3596 aduenam
753 3531 950 3614 incitaturus,
977 3533 1017 3597 ed
1039 3531 1071 3597 id
1094 3553 1227 3616 peregre
1247 3544 1280 3596 25

116 3673 223 3719 secum
248 3655 367 3736 tulerit,
395 3675 458 3720 non
481 3676 521 3720 ea
543 3661 649 3720 temen
671 3661 773 3720 mente
797 3662 832 3720 ut
855 3657 1046 3740 subriperet,
1071 3658 1228 3722 tenebitur
