<?xml version="1.0" encoding="UTF-8"?>
<!DOCTYPE html PUBLIC "-//W3C//DTD XHTML 1.0 Transitional//EN"
    "http://www.w3.org/TR/xhtml1/DTD/xhtml1-transitional.dtd">
<html xmlns="http://www.w3.org/1999/xhtml" xml:lang="en" lang="en">
 <head>
  <title>
</title>
<meta http-equiv="Content-Type" content="text/html;charset=utf-8" />
  <meta name='ocr-system' content='tesseract 3.04.00' />
  <meta name='ocr-capabilities' content='ocr_page ocr_carea ocr_par ocr_line ocrx_word'/>
</head>
<body>
  <div class='ocr_page' id='page_1' title='image "./institutionumgr01linggoog_0329.png"; bbox 0 0 3298 5322; ppageno 0'>
   <div class='ocr_carea' id='block_1_1' title="bbox 527 338 769 402">
    <p class='ocr_par' dir='ltr' id='par_1_1' title="bbox 527 338 769 402">
     <span class='ocr_line' id='line_1_1' title="bbox 527 338 769 402; baseline 0.004 -1"><span class='ocrx_word' id='word_1_1' title='bbox 527 338 769 402; x_wconf 82' lang='lat'>—410-</span> 
     </span>
    </p>
   </div>
   <div class='ocr_carea' id='block_1_2' title="bbox 80 511 1210 1217">
    <p class='ocr_par' dir='ltr' id='par_1_2' title="bbox 80 511 1210 1217">
     <span class='ocr_line' id='line_1_2' title="bbox 109 511 1209 595; baseline 0 -19"><span class='ocrx_word' id='word_1_2' title='bbox 109 513 190 577; x_wconf 90' lang='lat' dir='ltr'><strong>domo</strong></span> <span class='ocrx_word' id='word_1_3' title='bbox 213 513 279 592; x_wconf 90' lang='lat' dir='ltr'><strong>quis</strong></span> <span class='ocrx_word' id='word_1_4' title='bbox 302 511 434 590; x_wconf 88' lang='lat' dir='ltr'><strong>habitet,</strong></span> <span class='ocrx_word' id='word_1_5' title='bbox 459 513 527 577; x_wconf 87' lang='lat' dir='ltr'><strong>siue</strong></span> <span class='ocrx_word' id='word_1_6' title='bbox 551 513 584 576; x_wconf 94' lang='lat' dir='ltr'><strong>in</strong></span> <span class='ocrx_word' id='word_1_7' title='bbox 600 513 764 593; x_wconf 89' lang='lat' dir='ltr'><strong>oonduota,</strong></span> <span class='ocrx_word' id='word_1_8' title='bbox 789 512 842 576; x_wconf 89' lang='lat' dir='ltr'><strong>nel</strong></span> <span class='ocrx_word' id='word_1_9' title='bbox 857 511 955 595; x_wconf 90' lang='lat' dir='ltr'><strong>gratis</strong></span> <span class='ocrx_word' id='word_1_10' title='bbox 980 512 1047 576; x_wconf 91' lang='lat' dir='ltr'><strong>siue</strong></span> <span class='ocrx_word' id='word_1_11' title='bbox 1071 512 1209 595; x_wconf 90' lang='lat' dir='ltr'><strong>hospitio</strong></span> 
     </span>
     <span class='ocr_line' id='line_1_3' title="bbox 80 635 1208 719; baseline 0.004 -23"><span class='ocrx_word' id='word_1_12' title='bbox 80 638 142 700; x_wconf 77' lang='lat' dir='ltr'><strong>aab</strong></span> <span class='ocrx_word' id='word_1_13' title='bbox 164 636 264 717; x_wconf 90' lang='lat' dir='ltr'><strong>aliquo</strong></span> <span class='ocrx_word' id='word_1_14' title='bbox 288 641 433 719; x_wconf 88' lang='lat' dir='ltr'><strong>reoeptus</strong></span> <span class='ocrx_word' id='word_1_15' title='bbox 458 637 506 700; x_wconf 89' lang='lat' dir='ltr'><strong>sit.</strong></span> <span class='ocrx_word' id='word_1_16' title='bbox 554 641 582 703; x_wconf 87' lang='lat'><strong>9.</strong></span> <span class='ocrx_word' id='word_1_17' title='bbox 606 637 722 700; x_wconf 84' lang='lat' dir='ltr'><strong>Atrox</strong></span> <span class='ocrx_word' id='word_1_18' title='bbox 746 635 860 700; x_wconf 88' lang='lat' dir='ltr'><strong>iniuria</strong></span> <span class='ocrx_word' id='word_1_19' title='bbox 888 636 1070 700; x_wconf 85' lang='lat' dir='ltr'><strong>aestimatur</strong></span> <span class='ocrx_word' id='word_1_20' title='bbox 1093 635 1145 700; x_wconf 89' lang='lat' dir='ltr'><strong>uel</strong></span> <span class='ocrx_word' id='word_1_21' title='bbox 1169 656 1208 701; x_wconf 86' lang='lat' dir='ltr'><strong>ex</strong></span> 
     </span>
     <span class='ocr_line' id='line_1_4' title="bbox 106 759 1208 844; baseline 0.003 -21"><span class='ocrx_word' id='word_1_22' title='bbox 106 762 180 824; x_wconf 84' lang='lat' dir='ltr'><strong>laeto</strong></span> <span class='ocrx_word' id='word_1_23' title='bbox 201 760 251 826; x_wconf 92' lang='lat' dir='ltr'><strong>uel</strong></span> <span class='ocrx_word' id='word_1_24' title='bbox 275 780 314 824; x_wconf 83' lang='lat' dir='ltr'><strong>ex</strong></span> <span class='ocrx_word' id='word_1_25' title='bbox 337 761 407 824; x_wconf 91' lang='lat' dir='ltr'><strong>looo</strong></span> <span class='ocrx_word' id='word_1_26' title='bbox 432 761 484 825; x_wconf 94' lang='lat' dir='ltr'><strong>uel</strong></span> <span class='ocrx_word' id='word_1_27' title='bbox 508 780 547 824; x_wconf 86' lang='lat' dir='ltr'><strong>ex</strong></span> <span class='ocrx_word' id='word_1_28' title='bbox 570 780 717 844; x_wconf 90' lang='lat' dir='ltr'><strong>persona.</strong></span> <span class='ocrx_word' id='word_1_29' title='bbox 763 780 807 824; x_wconf 84' lang='lat' dir='ltr'><strong>ex</strong></span> <span class='ocrx_word' id='word_1_30' title='bbox 830 759 947 841; x_wconf 82' lang='lat' dir='ltr'><strong>facto,</strong></span> <span class='ocrx_word' id='word_1_31' title='bbox 972 760 1071 824; x_wconf 91' lang='lat' dir='ltr'><strong>ueluti</strong></span> <span class='ocrx_word' id='word_1_32' title='bbox 1095 761 1122 824; x_wconf 92' lang='lat' dir='ltr'><strong>si</strong></span> <span class='ocrx_word' id='word_1_33' title='bbox 1138 761 1208 843; x_wconf 91' lang='lat' dir='ltr'><strong>quis</strong></span> 
     </span>
     <span class='ocr_line' id='line_1_5' title="bbox 106 884 1207 968; baseline 0.003 -21"><span class='ocrx_word' id='word_1_34' title='bbox 106 884 261 964; x_wconf 87' lang='lat' dir='ltr'><strong>abaliquo</strong></span> <span class='ocrx_word' id='word_1_35' title='bbox 292 885 475 949; x_wconf 90' lang='lat' dir='ltr'><strong>uulneratus</strong></span> <span class='ocrx_word' id='word_1_36' title='bbox 499 885 608 965; x_wconf 85' lang='lat' dir='ltr'><strong>fuerit,</strong></span> <span class='ocrx_word' id='word_1_37' title='bbox 638 885 690 949; x_wconf 90' lang='lat' dir='ltr'><strong>uel</strong></span> <span class='ocrx_word' id='word_1_38' title='bbox 718 884 853 949; x_wconf 83' lang='lat' dir='ltr'><strong>fustibus</strong></span> <span class='ocrx_word' id='word_1_39' title='bbox 881 903 1007 948; x_wconf 88' lang='lat' dir='ltr'><strong>oaesus:</strong></span> <span class='ocrx_word' id='word_1_40' title='bbox 1037 905 1081 948; x_wconf 88' lang='lat' dir='ltr'><strong>ex</strong></span> <span class='ocrx_word' id='word_1_41' title='bbox 1108 885 1207 968; x_wconf 81' lang='lat' dir='ltr'><strong>lone,</strong></span> 
     </span>
     <span class='ocr_line' id='line_1_6' title="bbox 105 1009 1209 1092; baseline 0.003 -21"><span class='ocrx_word' id='word_1_42' title='bbox 105 1009 191 1072; x_wconf 90' lang='lat' dir='ltr'><strong>ueluti</strong></span> <span class='ocrx_word' id='word_1_43' title='bbox 213 1009 239 1072; x_wconf 95' lang='lat' dir='ltr'><strong>si</strong></span> <span class='ocrx_word' id='word_1_44' title='bbox 262 1009 332 1090; x_wconf 91' lang='lat' dir='ltr'><strong>quis</strong></span> <span class='ocrx_word' id='word_1_45' title='bbox 356 1009 388 1072; x_wconf 95' lang='lat' dir='ltr'><strong>in</strong></span> <span class='ocrx_word' id='word_1_46' title='bbox 403 1009 526 1074; x_wconf 91' lang='lat' dir='ltr'><strong>theatro</strong></span> <span class='ocrx_word' id='word_1_47' title='bbox 550 1010 602 1073; x_wconf 88' lang='lat' dir='ltr'><strong>uel</strong></span> <span class='ocrx_word' id='word_1_48' title='bbox 617 1010 649 1073; x_wconf 94' lang='lat' dir='ltr'><strong>in</strong></span> <span class='ocrx_word' id='word_1_49' title='bbox 665 1011 733 1074; x_wconf 87' lang='lat' dir='ltr'><strong>foro</strong></span> <span class='ocrx_word' id='word_1_50' title='bbox 749 1009 850 1073; x_wconf 85' lang='lat' dir='ltr'><strong>nolin</strong></span> <span class='ocrx_word' id='word_1_51' title='bbox 866 1016 1038 1092; x_wconf 88' lang='lat' dir='ltr'><strong>oonspeotu</strong></span> <span class='ocrx_word' id='word_1_52' title='bbox 1053 1009 1209 1092; x_wconf 87' lang='lat' dir='ltr'><strong>praetoris</strong></span> 
     </span>
     <span class='ocr_line' id='line_1_7' title="bbox 105 1133 1210 1217; baseline 0.001 -22"><span class='ocrx_word' id='word_1_53' title='bbox 105 1133 238 1196; x_wconf 88' lang='lat' dir='ltr'><strong>iniuriam</strong></span> <span class='ocrx_word' id='word_1_54' title='bbox 273 1133 314 1198; x_wconf 90' lang='lat' dir='ltr'><strong>sit</strong></span> <span class='ocrx_word' id='word_1_55' title='bbox 348 1154 476 1216; x_wconf 89' lang='lat' dir='ltr'><strong>passus:</strong></span> <span class='ocrx_word' id='word_1_56' title='bbox 517 1154 561 1198; x_wconf 86' lang='lat' dir='ltr'><strong>ex</strong></span> <span class='ocrx_word' id='word_1_57' title='bbox 599 1154 767 1217; x_wconf 90' lang='lat' dir='ltr'><strong>persona</strong></span> <span class='ocrx_word' id='word_1_58' title='bbox 804 1134 903 1198; x_wconf 89' lang='lat' dir='ltr'><strong>ueluti</strong></span> <span class='ocrx_word' id='word_1_59' title='bbox 941 1133 968 1198; x_wconf 91' lang='lat' dir='ltr'><strong>si</strong></span> <span class='ocrx_word' id='word_1_60' title='bbox 1005 1133 1210 1215; x_wconf 81' lang='lat' dir='ltr'><strong>magistratus</strong></span> 
     </span>
    </p>
   </div>
   <div class='ocr_carea' id='block_1_3' title="bbox 104 1256 1208 1340">
    <p class='ocr_par' dir='ltr' id='par_1_3' title="bbox 104 1256 1208 1340">
     <span class='ocr_line' id='line_1_8' title="bbox 104 1256 1208 1340; baseline 0.002 -21"><span class='ocrx_word' id='word_1_61' title='bbox 104 1256 237 1320; x_wconf 89' lang='lat' dir='ltr'><strong>iniuriam</strong></span> <span class='ocrx_word' id='word_1_62' title='bbox 262 1257 303 1320; x_wconf 90' lang='lat' dir='ltr'><strong>sit</strong></span> <span class='ocrx_word' id='word_1_63' title='bbox 325 1277 449 1340; x_wconf 89' lang='lat' dir='ltr'><strong>passus,</strong></span> <span class='ocrx_word' id='word_1_64' title='bbox 477 1259 529 1322; x_wconf 91' lang='lat' dir='ltr'><strong>uel</strong></span> <span class='ocrx_word' id='word_1_65' title='bbox 552 1259 690 1322; x_wconf 89' lang='lat' dir='ltr'><strong>senatori</strong></span> <span class='ocrx_word' id='word_1_66' title='bbox 714 1259 754 1321; x_wconf 89' lang='lat' dir='ltr'><strong>ab</strong></span> <span class='ocrx_word' id='word_1_67' title='bbox 779 1257 888 1321; x_wconf 92' lang='lat' dir='ltr'><strong>humili</strong></span> <span class='ocrx_word' id='word_1_68' title='bbox 910 1257 1026 1321; x_wconf 90' lang='lat' dir='ltr'><strong>iniuria</strong></span> <span class='ocrx_word' id='word_1_69' title='bbox 1049 1258 1134 1322; x_wconf 85' lang='lat' dir='ltr'><strong>taota</strong></span> <span class='ocrx_word' id='word_1_70' title='bbox 1158 1258 1208 1338; x_wconf 88' lang='lat' dir='ltr'><strong>sit,</strong></span> 
     </span>
    </p>
   </div>
   <div class='ocr_carea' id='block_1_4' title="bbox 61 1381 1265 3333">
    <p class='ocr_par' dir='ltr' id='par_1_4' title="bbox 61 1381 1265 3333">
     <span class='ocr_line' id='line_1_9' title="bbox 104 1381 1209 1466; baseline 0.001 -23"><span class='ocrx_word' id='word_1_71' title='bbox 104 1387 151 1444; x_wconf 92' lang='lat' dir='ltr'><strong>aut</strong></span> <span class='ocrx_word' id='word_1_72' title='bbox 175 1381 357 1464; x_wconf 90' lang='lat' dir='ltr'><strong>parentibus</strong></span> <span class='ocrx_word' id='word_1_73' title='bbox 378 1402 399 1445; x_wconf 89' lang='lat' dir='ltr'><strong>a</strong></span> <span class='ocrx_word' id='word_1_74' title='bbox 418 1381 527 1446; x_wconf 89' lang='lat' dir='ltr'><strong>liberis</strong></span> <span class='ocrx_word' id='word_1_75' title='bbox 551 1389 606 1445; x_wconf 90' lang='lat' dir='ltr'><strong>aut</strong></span> <span class='ocrx_word' id='word_1_76' title='bbox 628 1382 770 1466; x_wconf 91' lang='lat' dir='ltr'><strong>patronis</strong></span> <span class='ocrx_word' id='word_1_77' title='bbox 791 1403 812 1445; x_wconf 85' lang='lat' dir='ltr'><strong>a</strong></span> <span class='ocrx_word' id='word_1_78' title='bbox 831 1381 961 1446; x_wconf 78' lang='lat' dir='ltr'>libertis,</span> <span class='ocrx_word' id='word_1_79' title='bbox 1007 1381 1100 1445; x_wconf 89' lang='lat' dir='ltr'><strong>aliter</strong></span> <span class='ocrx_word' id='word_1_80' title='bbox 1126 1382 1209 1445; x_wconf 92' lang='lat' dir='ltr'><strong>enim</strong></span> 
     </span>
     <span class='ocr_line' id='line_1_10' title="bbox 104 1505 1210 1598; baseline 0.001 -30"><span class='ocrx_word' id='word_1_81' title='bbox 104 1505 247 1570; x_wconf 86' lang='lat' dir='ltr'><strong>senatoris</strong></span> <span class='ocrx_word' id='word_1_82' title='bbox 276 1513 307 1570; x_wconf 93' lang='lat' dir='ltr'><strong>et</strong></span> <span class='ocrx_word' id='word_1_83' title='bbox 334 1506 475 1589; x_wconf 89' lang='lat' dir='ltr'><strong>parentis</strong></span> <span class='ocrx_word' id='word_1_84' title='bbox 504 1507 705 1598; x_wconf 85' lang='lat' dir='ltr'><strong>patronique⁷</strong></span> <span class='ocrx_word' id='word_1_85' title='bbox 735 1505 827 1570; x_wconf 90' lang='lat' dir='ltr'><strong>aliter</strong></span> <span class='ocrx_word' id='word_1_86' title='bbox 854 1506 997 1570; x_wconf 82' lang='lat' dir='ltr'>extranei</span> <span class='ocrx_word' id='word_1_87' title='bbox 1024 1511 1056 1570; x_wconf 89' lang='lat' dir='ltr'><strong>et</strong></span> <span class='ocrx_word' id='word_1_88' title='bbox 1083 1506 1210 1569; x_wconf 89' lang='lat' dir='ltr'><strong>humilis</strong></span> 
     </span>
     <span class='ocr_line' id='line_1_11' title="bbox 103 1631 1265 1712; baseline 0.001 -19"><span class='ocrx_word' id='word_1_89' title='bbox 103 1649 246 1712; x_wconf 80' lang='lat' dir='ltr'>personae</span> <span class='ocrx_word' id='word_1_90' title='bbox 275 1631 389 1694; x_wconf 86' lang='lat' dir='ltr'><strong>iniuria</strong></span> <span class='ocrx_word' id='word_1_91' title='bbox 419 1631 611 1696; x_wconf 88' lang='lat' dir='ltr'><strong>aestimatur.</strong></span> <span class='ocrx_word' id='word_1_92' title='bbox 657 1651 891 1712; x_wconf 82' lang='lat' dir='ltr'>nonnumquam</span> <span class='ocrx_word' id='word_1_93' title='bbox 922 1637 953 1695; x_wconf 94' lang='lat' dir='ltr'><strong>et</strong></span> <span class='ocrx_word' id='word_1_94' title='bbox 987 1631 1095 1696; x_wconf 88' lang='lat' dir='ltr'><strong>loous</strong></span> <span class='ocrx_word' id='word_1_95' title='bbox 1129 1631 1265 1694; x_wconf 86' lang='lat' dir='ltr'><strong>nul-10</strong></span> 
     </span>
     <span class='ocr_line' id='line_1_12' title="bbox 103 1755 1209 1838; baseline 0.002 -21"><span class='ocrx_word' id='word_1_96' title='bbox 103 1755 194 1818; x_wconf 91' lang='lat' dir='ltr'><strong>neris</strong></span> <span class='ocrx_word' id='word_1_97' title='bbox 210 1761 350 1819; x_wconf 83' lang='lat' dir='ltr'><strong>attonem</strong></span> <span class='ocrx_word' id='word_1_98' title='bbox 366 1755 511 1820; x_wconf 91' lang='lat' dir='ltr'><strong>iniuriam</strong></span> <span class='ocrx_word' id='word_1_99' title='bbox 528 1755 614 1838; x_wconf 84' lang='lat' dir='ltr'><strong>fauit,</strong></span> <span class='ocrx_word' id='word_1_100' title='bbox 639 1755 738 1819; x_wconf 89' lang='lat' dir='ltr'><strong>ueluti</strong></span> <span class='ocrx_word' id='word_1_101' title='bbox 756 1755 783 1819; x_wconf 90' lang='lat' dir='ltr'><strong>si</strong></span> <span class='ocrx_word' id='word_1_102' title='bbox 799 1756 831 1819; x_wconf 95' lang='lat' dir='ltr'><strong>in</strong></span> <span class='ocrx_word' id='word_1_103' title='bbox 848 1755 938 1820; x_wconf 90' lang='lat' dir='ltr'><strong>ooulo</strong></span> <span class='ocrx_word' id='word_1_104' title='bbox 955 1755 1025 1836; x_wconf 90' lang='lat' dir='ltr'><strong>quis</strong></span> <span class='ocrx_word' id='word_1_105' title='bbox 1040 1774 1209 1837; x_wconf 81' lang='lat' dir='ltr'><strong>percussus</strong></span> 
     </span>
     <span class='ocr_line' id='line_1_13' title="bbox 102 1879 1210 1963; baseline 0.002 -21"><span class='ocrx_word' id='word_1_106' title='bbox 102 1879 194 1944; x_wconf 85' lang='lat' dir='ltr'><strong>luerit.</strong></span> <span class='ocrx_word' id='word_1_107' title='bbox 246 1900 348 1962; x_wconf 89' lang='lat' dir='ltr'><strong>neque</strong></span> <span class='ocrx_word' id='word_1_108' title='bbox 383 1881 513 1945; x_wconf 87' lang='lat' dir='ltr'><strong>interest</strong></span> <span class='ocrx_word' id='word_1_109' title='bbox 544 1886 647 1944; x_wconf 90' lang='lat' dir='ltr'><strong>utrum</strong></span> <span class='ocrx_word' id='word_1_110' title='bbox 680 1879 900 1963; x_wconf 78' lang='lat' dir='ltr'><strong>patrifamilias</strong></span> <span class='ocrx_word' id='word_1_111' title='bbox 933 1901 974 1944; x_wconf 92' lang='lat' dir='ltr'><strong>an</strong></span> <span class='ocrx_word' id='word_1_112' title='bbox 1006 1879 1210 1944; x_wconf 87' lang='lat' dir='ltr'><strong>filiofamilias</strong></span> 
     </span>
     <span class='ocr_line' id='line_1_14' title="bbox 101 2003 1210 2087; baseline 0.001 -21"><span class='ocrx_word' id='word_1_113' title='bbox 101 2003 166 2068; x_wconf 90' lang='lat' dir='ltr'><strong>talis</strong></span> <span class='ocrx_word' id='word_1_114' title='bbox 189 2005 304 2068; x_wconf 88' lang='lat' dir='ltr'><strong>iniuria</strong></span> <span class='ocrx_word' id='word_1_115' title='bbox 327 2006 414 2070; x_wconf 81' lang='lat' dir='ltr'><strong>laeta</strong></span> <span class='ocrx_word' id='word_1_116' title='bbox 438 2005 492 2087; x_wconf 89' lang='lat' dir='ltr'><strong>sit;</strong></span> <span class='ocrx_word' id='word_1_117' title='bbox 521 2005 553 2069; x_wconf 94' lang='lat' dir='ltr'><strong>in</strong></span> <span class='ocrx_word' id='word_1_118' title='bbox 581 2005 725 2068; x_wconf 87' lang='lat' dir='ltr'><strong>omnibus</strong></span> <span class='ocrx_word' id='word_1_119' title='bbox 754 2005 835 2070; x_wconf 91' lang='lat' dir='ltr'><strong>enim</strong></span> <span class='ocrx_word' id='word_1_120' title='bbox 864 2012 956 2069; x_wconf 88' lang='lat' dir='ltr'><strong>atrox</strong></span> <span class='ocrx_word' id='word_1_121' title='bbox 984 2004 1210 2069; x_wconf 89' lang='lat' dir='ltr'><strong>aestimabitur.</strong></span> 
     </span>
     <span class='ocr_line' id='line_1_15' title="bbox 61 2128 1210 2218; baseline 0.003 -30"><span class='ocrx_word' id='word_1_122' title='bbox 61 2131 147 2194; x_wconf 84' lang='lat'>10.10.</span> <span class='ocrx_word' id='word_1_123' title='bbox 169 2132 201 2192; x_wconf 94' lang='lat' dir='ltr'><strong>ln</strong></span> <span class='ocrx_word' id='word_1_124' title='bbox 224 2150 346 2194; x_wconf 84' lang='lat' dir='ltr'><strong>summa</strong></span> <span class='ocrx_word' id='word_1_125' title='bbox 371 2135 474 2194; x_wconf 87' lang='lat' dir='ltr'><strong>autern</strong></span> <span class='ocrx_word' id='word_1_126' title='bbox 499 2129 660 2218; x_wconf 75' lang='lat' dir='ltr'><strong>sciendum</strong></span> <span class='ocrx_word' id='word_1_127' title='bbox 684 2134 732 2193; x_wconf 87' lang='lat' dir='ltr'><strong>est</strong></span> <span class='ocrx_word' id='word_1_128' title='bbox 754 2149 849 2212; x_wconf 87' lang='lat' dir='ltr'><strong>posse</strong></span> <span class='ocrx_word' id='word_1_129' title='bbox 873 2149 958 2211; x_wconf 84' lang='lat' dir='ltr'><strong>eum,</strong></span> <span class='ocrx_word' id='word_1_130' title='bbox 987 2129 1041 2211; x_wconf 87' lang='lat' dir='ltr'><strong>qui</strong></span> <span class='ocrx_word' id='word_1_131' title='bbox 1063 2128 1210 2193; x_wconf 92' lang='lat' dir='ltr'><strong>iniuriam</strong></span> 
     </span>
     <span class='ocr_line' id='line_1_16' title="bbox 102 2253 1263 2337; baseline 0.008 -23"><span class='ocrx_word' id='word_1_132' title='bbox 102 2257 143 2315; x_wconf 91' lang='lat' dir='ltr'><strong>est</strong></span> <span class='ocrx_word' id='word_1_133' title='bbox 164 2274 286 2336; x_wconf 87' lang='lat' dir='ltr'><strong>passus,</strong></span> <span class='ocrx_word' id='word_1_134' title='bbox 310 2255 362 2318; x_wconf 90' lang='lat' dir='ltr'><strong>uel</strong></span> <span class='ocrx_word' id='word_1_135' title='bbox 386 2254 590 2318; x_wconf 75' lang='lat' dir='ltr'><strong>criminaliter</strong></span> <span class='ocrx_word' id='word_1_136' title='bbox 613 2273 709 2337; x_wconf 88' lang='lat' dir='ltr'><strong>agere</strong></span> <span class='ocrx_word' id='word_1_137' title='bbox 733 2254 785 2317; x_wconf 91' lang='lat' dir='ltr'><strong>uel</strong></span> <span class='ocrx_word' id='word_1_138' title='bbox 808 2254 950 2318; x_wconf 89' lang='lat' dir='ltr'><strong>oiuiliter.</strong></span> <span class='ocrx_word' id='word_1_139' title='bbox 986 2260 1018 2318; x_wconf 94' lang='lat' dir='ltr'><strong>et</strong></span> <span class='ocrx_word' id='word_1_140' title='bbox 1041 2254 1069 2317; x_wconf 87' lang='lat' dir='ltr'><strong>si</strong></span> <span class='ocrx_word' id='word_1_141' title='bbox 1084 2253 1210 2335; x_wconf 90' lang='lat' dir='ltr'><strong>quidem</strong></span> <span class='ocrx_word' id='word_1_142' title='bbox 1229 2271 1263 2324; x_wconf 82' lang='lat'><strong>15</strong></span> 
     </span>
     <span class='ocr_line' id='line_1_17' title="bbox 102 2376 1212 2460; baseline 0.003 -22"><span class='ocrx_word' id='word_1_143' title='bbox 102 2376 226 2441; x_wconf 80' lang='lat' dir='ltr'><strong>ciuiliter</strong></span> <span class='ocrx_word' id='word_1_144' title='bbox 251 2383 336 2460; x_wconf 90' lang='lat' dir='ltr'><strong>agat,</strong></span> <span class='ocrx_word' id='word_1_145' title='bbox 361 2378 494 2442; x_wconf 90' lang='lat' dir='ltr'><strong>iniuriae</strong></span> <span class='ocrx_word' id='word_1_146' title='bbox 519 2378 697 2443; x_wconf 85' lang='lat' dir='ltr'><strong>aestimatio</strong></span> <span class='ocrx_word' id='word_1_147' title='bbox 721 2377 892 2442; x_wconf 83' lang='lat' dir='ltr'><strong>seeundum</strong></span> <span class='ocrx_word' id='word_1_148' title='bbox 916 2377 1001 2459; x_wconf 91' lang='lat' dir='ltr'><strong>quod</strong></span> <span class='ocrx_word' id='word_1_149' title='bbox 1024 2378 1139 2441; x_wconf 90' lang='lat' dir='ltr'><strong>diotum</strong></span> <span class='ocrx_word' id='word_1_150' title='bbox 1163 2383 1212 2442; x_wconf 87' lang='lat' dir='ltr'><strong>est</strong></span> 
     </span>
     <span class='ocr_line' id='line_1_18' title="bbox 100 2500 1209 2583; baseline 0.001 -20"><span class='ocrx_word' id='word_1_151' title='bbox 100 2500 147 2564; x_wconf 90' lang='lat' dir='ltr'><strong>fiet</strong></span> <span class='ocrx_word' id='word_1_152' title='bbox 173 2508 203 2565; x_wconf 89' lang='lat' dir='ltr'><strong>et</strong></span> <span class='ocrx_word' id='word_1_153' title='bbox 231 2503 264 2565; x_wconf 95' lang='lat' dir='ltr'><strong>in</strong></span> <span class='ocrx_word' id='word_1_154' title='bbox 291 2509 411 2566; x_wconf 87' lang='lat' dir='ltr'><strong>tantum</strong></span> <span class='ocrx_word' id='word_1_155' title='bbox 440 2502 658 2567; x_wconf 91' lang='lat' dir='ltr'><strong>oondemnatio</strong></span> <span class='ocrx_word' id='word_1_156' title='bbox 686 2503 754 2567; x_wconf 91' lang='lat' dir='ltr'><strong>fiet:</strong></span> <span class='ocrx_word' id='word_1_157' title='bbox 785 2502 834 2566; x_wconf 90' lang='lat' dir='ltr'><strong>sin</strong></span> <span class='ocrx_word' id='word_1_158' title='bbox 862 2509 966 2566; x_wconf 90' lang='lat' dir='ltr'><strong>autem</strong></span> <span class='ocrx_word' id='word_1_159' title='bbox 997 2501 1209 2583; x_wconf 80' lang='lat' dir='ltr'><strong>criminaliter,</strong></span> 
     </span>
     <span class='ocr_line' id='line_1_19' title="bbox 101 2625 1210 2710; baseline 0.004 -22"><span class='ocrx_word' id='word_1_160' title='bbox 101 2625 230 2690; x_wconf 90' lang='lat' dir='ltr'><strong>offioium</strong></span> <span class='ocrx_word' id='word_1_161' title='bbox 261 2632 308 2690; x_wconf 89' lang='lat' dir='ltr'><strong>est</strong></span> <span class='ocrx_word' id='word_1_162' title='bbox 335 2627 448 2692; x_wconf 82' lang='lat' dir='ltr'><strong>iudicis</strong></span> <span class='ocrx_word' id='word_1_163' title='bbox 479 2628 653 2708; x_wconf 84' lang='lat' dir='ltr'><strong>quamlibet</strong></span> <span class='ocrx_word' id='word_1_164' title='bbox 681 2625 964 2692; x_wconf 83' lang='lat' dir='ltr'><strong>extraordinariam</strong></span> <span class='ocrx_word' id='word_1_165' title='bbox 991 2646 1126 2710; x_wconf 88' lang='lat' dir='ltr'><strong>poenam</strong></span> <span class='ocrx_word' id='word_1_166' title='bbox 1156 2645 1210 2692; x_wconf 89' lang='lat' dir='ltr'><strong>reo</strong></span> 
     </span>
     <span class='ocr_line' id='line_1_20' title="bbox 100 2749 1210 2835; baseline 0.004 -25"><span class='ocrx_word' id='word_1_167' title='bbox 100 2749 251 2833; x_wconf 87' lang='lat' dir='ltr'><strong>inrogare,</strong></span> <span class='ocrx_word' id='word_1_168' title='bbox 268 2752 367 2815; x_wconf 89' lang='lat' dir='ltr'><strong>ueluti</strong></span> <span class='ocrx_word' id='word_1_169' title='bbox 378 2752 606 2834; x_wconf 84' lang='lat' dir='ltr'><strong>relegationem</strong></span> <span class='ocrx_word' id='word_1_170' title='bbox 616 2758 670 2816; x_wconf 90' lang='lat' dir='ltr'><strong>aut</strong></span> <span class='ocrx_word' id='word_1_171' title='bbox 682 2753 836 2816; x_wconf 90' lang='lat' dir='ltr'><strong>bonorum</strong></span> <span class='ocrx_word' id='word_1_172' title='bbox 848 2752 947 2834; x_wconf 89' lang='lat' dir='ltr'><strong>partis</strong></span> <span class='ocrx_word' id='word_1_173' title='bbox 956 2752 1210 2835; x_wconf 77' lang='lat' dir='ltr'><strong>publicationem.</strong></span> 
     </span>
     <span class='ocr_line' id='line_1_21' title="bbox 98 2874 1265 2957; baseline 0.006 -21"><span class='ocrx_word' id='word_1_174' title='bbox 98 2874 209 2956; x_wconf 89' lang='lat' dir='ltr'><strong>ubique</strong></span> <span class='ocrx_word' id='word_1_175' title='bbox 245 2881 349 2940; x_wconf 88' lang='lat' dir='ltr'><strong>autem</strong></span> <span class='ocrx_word' id='word_1_176' title='bbox 384 2876 574 2940; x_wconf 86' lang='lat' dir='ltr'><strong>seruandum</strong></span> <span class='ocrx_word' id='word_1_177' title='bbox 609 2883 670 2956; x_wconf 78' lang='lat' dir='ltr'><strong>est,</strong></span> <span class='ocrx_word' id='word_1_178' title='bbox 707 2875 792 2957; x_wconf 88' lang='lat' dir='ltr'><strong>quod</strong></span> <span class='ocrx_word' id='word_1_179' title='bbox 827 2875 1047 2940; x_wconf 77' lang='lat' dir='ltr'><strong>constitutione</strong></span> <span class='ocrx_word' id='word_1_180' title='bbox 1073 2875 1210 2938; x_wconf 86' lang='lat' dir='ltr'><strong>Zenonis</strong></span> <span class='ocrx_word' id='word_1_181' title='bbox 1229 2892 1265 2943; x_wconf 82' lang='lat'><strong>20</strong></span> 
     </span>
     <span class='ocr_line' id='line_1_22' title="bbox 99 2995 1210 3083; baseline 0.004 -25"><span class='ocrx_word' id='word_1_182' title='bbox 99 2995 186 3062; x_wconf 87' lang='lat' dir='ltr'><strong>diuae</strong></span> <span class='ocrx_word' id='word_1_183' title='bbox 210 3001 382 3064; x_wconf 91' lang='lat' dir='ltr'><strong>memoriae</strong></span> <span class='ocrx_word' id='word_1_184' title='bbox 406 3007 454 3064; x_wconf 92' lang='lat' dir='ltr'><strong>est</strong></span> <span class='ocrx_word' id='word_1_185' title='bbox 477 3001 697 3082; x_wconf 82' lang='lat' dir='ltr'><strong>introductum,</strong></span> <span class='ocrx_word' id='word_1_186' title='bbox 722 3007 757 3064; x_wconf 89' lang='lat' dir='ltr'><strong>ut</strong></span> <span class='ocrx_word' id='word_1_187' title='bbox 777 3020 891 3083; x_wconf 88' lang='lat' dir='ltr'><strong>nempe</strong></span> <span class='ocrx_word' id='word_1_188' title='bbox 914 2999 975 3064; x_wconf 89' lang='lat' dir='ltr'><strong>uiri</strong></span> <span class='ocrx_word' id='word_1_189' title='bbox 990 2999 1128 3064; x_wconf 89' lang='lat' dir='ltr'><strong>illustres</strong></span> <span class='ocrx_word' id='word_1_190' title='bbox 1145 3000 1210 3079; x_wconf 92' lang='lat' dir='ltr'><strong>qui-</strong></span> 
     </span>
     <span class='ocr_line' id='line_1_23' title="bbox 99 3123 1210 3209; baseline 0.002 -25"><span class='ocrx_word' id='word_1_191' title='bbox 99 3141 154 3201; x_wconf 89' lang='lat' dir='ltr'><strong>que</strong></span> <span class='ocrx_word' id='word_1_192' title='bbox 187 3123 350 3206; x_wconf 85' lang='lat' dir='ltr'><strong>dignitatis</strong></span> <span class='ocrx_word' id='word_1_193' title='bbox 386 3124 565 3209; x_wconf 87' lang='lat' dir='ltr'><strong>superiores</strong></span> <span class='ocrx_word' id='word_1_194' title='bbox 604 3131 690 3205; x_wconf 85' lang='lat' dir='ltr'><strong>sunt,</strong></span> <span class='ocrx_word' id='word_1_195' title='bbox 734 3125 855 3208; x_wconf 87' lang='lat' dir='ltr'><strong>possint</strong></span> <span class='ocrx_word' id='word_1_196' title='bbox 895 3145 953 3208; x_wconf 93' lang='lat' dir='ltr'><strong>per</strong></span> <span class='ocrx_word' id='word_1_197' title='bbox 990 3131 1210 3208; x_wconf 78' lang='lat' dir='ltr'><strong>procuratores</strong></span> 
     </span>
     <span class='ocr_line' id='line_1_24' title="bbox 99 3244 1210 3333; baseline 0.005 -27"><span class='ocrx_word' id='word_1_198' title='bbox 99 3244 281 3311; x_wconf 90' lang='lat' dir='ltr'><strong>iniuriarum</strong></span> <span class='ocrx_word' id='word_1_199' title='bbox 297 3249 501 3314; x_wconf 80' lang='lat' dir='ltr'><strong>criminaliter</strong></span> <span class='ocrx_word' id='word_1_200' title='bbox 516 3270 621 3333; x_wconf 87' lang='lat' dir='ltr'><strong>agere,</strong></span> <span class='ocrx_word' id='word_1_201' title='bbox 641 3249 715 3314; x_wconf 85' lang='lat' dir='ltr'><strong>lieet</strong></span> <span class='ocrx_word' id='word_1_202' title='bbox 730 3269 817 3313; x_wconf 90' lang='lat' dir='ltr'><strong>reum</strong></span> <span class='ocrx_word' id='word_1_203' title='bbox 834 3249 971 3313; x_wconf 90' lang='lat' dir='ltr'><strong>oriminis</strong></span> <span class='ocrx_word' id='word_1_204' title='bbox 990 3269 1047 3333; x_wconf 89' lang='lat' dir='ltr'><strong>per</strong></span> <span class='ocrx_word' id='word_1_205' title='bbox 1062 3269 1210 3332; x_wconf 78' lang='lat' dir='ltr'><strong>procura-</strong></span> 
     </span>
    </p>
   </div>
   <div class='ocr_carea' id='block_1_5' title="bbox 0 0 1654 5322">
    <p class='ocr_par' dir='ltr' id='par_1_5' title="bbox 0 0 1654 5322">
     <span class='ocr_line' id='line_1_25' title="bbox 0 0 1654 5322; baseline 0 5"><span class='ocrx_word' id='word_1_206' title='bbox 0 0 1654 5322; x_wconf 95' lang='lat' dir='ltr'><strong> </strong></span> 
     </span>
    </p>
   </div>
  </div>
 </body>
</html>
