3298 5322
569 399 810 464 -392-

76 583 119 634 16.
131 593 196 637 non
219 573 373 638 soluendo
396 573 475 638 fullo
500 579 554 638 aut
577 574 753 639 sarcinator
776 573 824 638 sit.
874 578 922 641 16.
947 573 1073 656 Omnia,
1103 595 1184 656 quae
1208 576 1247 640 de

131 699 252 762 fullone
277 705 308 763 et
331 699 526 763 sarcinatore
550 699 695 780 diximus,
720 699 831 763 eadem
847 699 1067 764 transferenda
1090 700 1248 764 existima-

130 824 209 886 bant
232 829 357 888 ueteres
380 823 422 887 ad
445 844 525 905 eum,
549 823 599 887 cui
622 843 673 887 res
698 822 897 887 commodata
921 829 1012 888 esset.
1058 845 1131 888 nam
1155 825 1182 888 si
1198 825 1248 888 cui

129 947 245 1011 librum
268 969 371 1012 meum
392 948 473 1012 forte
490 949 738 1012 commodassem
761 948 852 1028 isque
868 949 1035 1031 subreptus
1059 954 1153 1030 esset,
1178 969 1248 1013 cum
1316 1017 1320 1026 ,

129 1072 209 1135 mihi
230 1073 420 1138 commodati
437 1073 520 1137 actio
538 1073 690 1136 aduersus
715 1092 795 1153 eum,
821 1073 874 1152 qui
897 1093 963 1136 rem
986 1073 1136 1137 utendam
1159 1094 1247 1138 acce·
1284 1091 1300 1142 5

127 1196 239 1278 pisset,
265 1203 465 1280 competeret,
490 1218 548 1280 per
571 1217 663 1277 quam
681 1197 900 1262 commodatae
915 1198 962 1260 rei
978 1197 1155 1262 aestimatio
1172 1197 1248 1261 mibi

128 1327 318 1402 seruaretur,
341 1341 404 1385 non
427 1321 503 1384 mihi
527 1321 662 1403 domino,
687 1328 735 1385 set
759 1322 798 1402 ei,
824 1322 966 1402 quirem
989 1321 1138 1386 utendam
1158 1341 1247 1386 acce-

127 1445 238 1526 pisset,
262 1433 337 1508 furti
360 1445 443 1509 actio
468 1446 610 1509 dabatur.
634 1467 706 1509 nam
731 1446 799 1528 ipse
816 1465 856 1510 ex
871 1447 953 1510 furto
971 1446 1117 1510 damnum
1134 1447 1246 1510 sentie-

127 1571 199 1650 bat,
232 1569 284 1649 qui
311 1590 345 1633 re
375 1576 503 1634 seruata
530 1570 592 1633 frui
619 1575 741 1654 posset:
770 1591 872 1652 neque
895 1571 928 1634 in
952 1590 990 1634 eo
1018 1571 1085 1634 eius
1113 1590 1246 1635 commo-

128 1693 204 1758 dum
222 1683 424 1776 consistebat,
450 1694 533 1774 quod
549 1695 700 1776 pecunias
717 1701 853 1778 caperet,
879 1700 927 1758 set
943 1695 1027 1775 quod
1042 1695 1245 1759 intentionem
1267 1713 1299 1762 10

128 1838 222 1880 suam
246 1819 373 1900 explere
398 1824 512 1902 posset.
548 1820 628 1882 hanc
652 1825 756 1882 autem
781 1820 929 1902 explebat
951 1819 984 1882 in
1006 1839 1041 1882 re
1064 1819 1190 1900 utenda,
1215 1825 1246 1884 et

127 1942 203 2006 ideo
228 1943 423 2024 diligentiam
447 1944 480 2006 in
502 1964 536 2008 ro
561 1944 768 2007 custodienda
790 1949 955 2026 praestare
979 1943 1128 2025 debebat,
1154 1943 1246 2008 sicuti

127 2075 161 2130 et
188 2067 275 2149 fullo,
305 2068 560 2148 quimercedem
589 2069 797 2150 consequitur.
844 2068 872 2131 si
897 2088 974 2132 uero
1003 2087 1065 2131 non
1094 2068 1245 2132 soluendo

127 2197 214 2256 esset
237 2193 264 2256 is
288 2193 430 2272 quirem
453 2193 602 2256 utendam
626 2193 826 2275 suscepisset,
851 2193 903 2256 uel
926 2193 1109 2256 insolidum
1133 2193 1246 2256 uelox

126 2324 229 2400 parte,
259 2317 300 2380 ad
323 2337 372 2381 me
397 2317 555 2381 dominum
578 2317 653 2380 furti
677 2317 759 2382 actio
782 2317 1039 2381 transferebatur.
1090 2324 1138 2381 set
1166 2317 1244 2381 haec
1266 2331 1298 2382 15

126 2442 256 2522 quidem
291 2443 332 2506 ad
366 2443 569 2506 sarcinatoris
605 2450 699 2522 atque
733 2443 860 2506 fullonis
896 2441 1129 2506 similitudinem
1161 2441 1244 2525 apud

124 2573 252 2631 ueteres
277 2568 468 2649 optinebant.
510 2567 690 2630 constitutio
706 2572 812 2630 autem
829 2566 979 2649 principis
1004 2567 1103 2630 nostri
1119 2565 1243 2649 prodiit,

125 2712 198 2755 cum
223 2691 376 2754 eiusmodi
400 2691 542 2771 quaestio
567 2691 596 2754 ei
620 2697 704 2754 esset
727 2691 837 2772 relata,
862 2711 924 2771 qua
947 2696 1072 2753 cautum
1089 2696 1144 2770 est,
1168 2697 1202 2753 ut
1217 2690 1245 2754 si

124 2817 163 2896 is,
190 2817 333 2896 quirem
356 2817 504 2879 utendam
529 2815 696 2898 acceperit,
721 2815 836 2878 furtum
858 2835 973 2897 passus
997 2815 1046 2896 sit,
1070 2814 1103 2878 in
1127 2815 1245 2878 domini

125 2941 264 3004 amissae
286 2941 334 3004 rei
357 2941 520 3004 uoluntate
544 2941 593 3021 sit,
618 2940 685 3004 siue
706 2940 896 3004 commodati
919 2939 1075 3003 actionem
1091 2939 1243 3003 aduersus
1263 2952 1297 3004 20

124 3085 210 3145 oum,
241 3064 383 3143 quirem
407 3063 637 3128 commodatam
662 3063 798 3146 accepit,
826 3083 954 3127 mouere
979 3063 1151 3144 desiderat,
1176 3063 1243 3126 siue

124 3188 202 3252 furti
225 3188 377 3252 aduersus
402 3209 481 3270 eum,
505 3189 559 3270 qui
582 3189 745 3271 subripuit,
771 3197 803 3252 et
825 3189 977 3252 alterutra
1001 3209 1108 3252 earum
1132 3187 1242 3270 electa,

125 3333 190 3376 non
213 3313 313 3394 possit
330 3313 472 3376 dominus
489 3333 529 3376 ex
540 3313 735 3396 poenitentia
753 3313 793 3376 ad
807 3314 938 3377 alteram
955 3313 1062 3377 uenire
1079 3313 1243 3377 actionem.

125 3444 176 3502 set
200 3438 228 3501 si
252 3438 377 3519 quidem
400 3439 501 3501 furem
525 3439 671 3520 elegerit,
701 3439 760 3505 ille.
779 3439 832 3519 qui
854 3458 920 3502 rem
948 3439 1096 3502 utendam
1121 3438 1244 3520 accepit

122 3563 290 3644 liberetur,
320 3517 374 3626 sind
392 3569 497 3626 autem
526 3563 741 3627 commodatur
762 3563 871 3626 ueniat
894 3563 1046 3626 aduersus
1075 3583 1160 3644 eum,
1190 3563 1244 3645 qui
1262 3574 1295 3624 25

122 3708 191 3751 rem
226 3687 374 3752 utendam
408 3688 581 3770 acceperit,
615 3689 677 3771 ipsi
706 3687 931 3752 commodatori
958 3688 1138 3752 nullomodo
1169 3688 1244 3752 furti
1293 3701 1295 3706 ’

123 3813 277 3876 aduersus
300 3814 401 3876 furem
425 3819 591 3896 competat.
637 3814 667 3876 ei
690 3819 809 3894 autem,
839 3813 892 3892 qui
918 3833 984 3877 rem
1013 3814 1242 3877 commodatam

124 3937 265 4020 accepit,
288 3938 370 4001 hano
395 3938 547 4002 aduersus
570 3938 671 4001 furem
692 3938 848 4002 actionem
869 3937 1047 4002 constitutio
1069 3938 1131 4001 dat.
1169 3943 1241 4001 tunc

122 4069 230 4126 autem
243 4063 386 4126 dominus
404 4082 443 4125 ex
460 4062 658 4130 commodato
670 4082 768 4143 agens
778 4063 852 4125 furti
863 4061 1018 4126 actionem
1032 4062 1153 4142 amittit,
1172 4082 1241 4125 cum

177 4265 270 4314 Theopb.
286 4266 397 4305 Antecess.
412 4275 453 4305 rec.
469 4264 557 4304 Ferrini.
1030 4259 1063 4308 50
