3370 5350
584 378 813 454 -,284-

148 567 226 631 ribus
253 565 399 647 legitimis
416 565 601 632 heredibus
630 565 809 632 extantibus
842 565 982 632 eiusdem
1015 564 1131 647 gradus
1163 570 1259 646 atque

148 685 253 750 ceteris
285 685 487 762 adeuntibus
521 685 647 768 quidam
680 683 731 751 uel
762 683 907 765 repudiet
939 683 990 750 uel
1022 689 1122 750 morte
1155 682 1258 747 aliaue

148 823 235 869 cause
258 805 344 870 adire
365 803 555 884 impedietur
577 805 664 888 (sunt
690 805 771 869 enim
794 803 899 885 plures
914 803 968 884 qui
983 801 1258 868 constitutionibus

147 893 306 988 arceantur
335 923 560 1006 successione),
589 923 657 990 eius
679 923 780 1007 portio
801 925 988 991 adeuntibus
1010 924 1172 990 adcrescit.
1223 931 1259 986 ut

147 1061 220 1121 ecce,
243 1051 394 1124 quattuor
408 1062 486 1109 vcum
509 1053 626 1122 essent,
650 1053 714 1109 tres
744 1043 905 1122 adierunt,
933 1062 1014 1108 unus
1043 1063 1118 1108 uero
1146 1041 1259 1110 deiecit
1291 1049 1308 1098 d

147 1162 214 1241 quia
234 1163 417 1244 repudiauit
440 1163 490 1230 uel
512 1173 653 1230 mortuus
675 1170 725 1230 est
746 1165 796 1230 uel
817 1164 886 1246 lege
901 1171 949 1229 est
963 1161 1140 1246 prohibitus
1155 1180 1260 1229 succe·

147 1280 227 1346 dero:
251 1281 319 1346 eius
341 1284 442 1362 portio
464 1284 565 1348 tribus
588 1301 624 1348 ex
647 1283 754 1363 nequis
776 1283 918 1364 pertibus
940 1283 1099 1348 adcrescet
1121 1301 1177 1348 seu
1199 1283 1258 1364 ipsi

145 1398 250 1464 uiuant
272 1417 329 1464 seu
351 1417 404 1466 cos
426 1403 504 1466 mori
526 1403 699 1482 contigerit.

338 2011 382 2075 De
405 2012 601 2076 successione
623 2020 835 2091 cognatorum.
881 2009 1004 2077 Titulus
1028 2015 1057 2076 5.

223 2197 273 2260 Ad
296 2197 434 2262 defuncti
457 2197 661 2262 hereditatem
689 2217 769 2280 quae
798 2199 838 2264 ab
866 2197 1016 2264 intestato
1047 2198 1186 2264 defertur
1207 2218 1260 2264 uo·

141 2317 201 2380 cari
224 2317 361 2380 diximus
384 2334 457 2380 suos
479 2315 530 2382 uel
551 2318 605 2398 qui
627 2318 676 2381 his
698 2337 717 2381 a
743 2326 890 2399 praetore
917 2317 1178 2395 adnumerantur,
1206 2335 1259 2382 ue·
1279 2341 1312 2392 10

141 2431 195 2500 luti
217 2436 440 2516 emancipatos
465 2436 515 2501 uel
538 2437 591 2518 qui
613 2436 889 2502 constitutionibus
911 2437 987 2518 ipsis
1010 2436 1182 2511 adduntur,
1206 2455 1259 2500 ue·

142 2553 195 2619 luti
218 2553 276 2640 qui
298 2555 331 2620 in
353 2557 456 2620 curias
479 2565 552 2621 sunt
574 2557 657 2634 dati.
672 2556 724 2620 uel
752 2555 806 2639 qui
829 2557 957 2622 muliere
986 2556 1053 2620 nati
1082 2563 1155 2621 sunt
1184 2575 1259 2638 ergo

141 2693 229 2755 quam
254 2695 317 2740 non
340 2684 409 2740 erat
429 2675 581 2741 maritalis
603 2677 733 2755 affectio,
756 2677 871 2760 quique
893 2685 1003 2759 postea
1017 2677 1130 2743 dotalis
1145 2677 1259 2740 instru-

141 2795 234 2860 menti
255 2795 450 2862 conlectione
471 2815 598 2862 suorum
622 2799 725 2878 adepti
749 2804 822 2862 sunt
844 2797 923 2862 iura.
974 2803 1046 2878 post
1067 2796 1124 2862 hos
1146 2813 1259 2862 uocan-

141 2922 191 2976 tur
212 2915 253 2980 ab
278 2916 427 2980 intestato
455 2915 582 2997 adgnati
612 2925 643 2980 et
665 2915 778 2998 quibus
805 2915 1002 2998 adgnetlonis
1032 2914 1104 2981 iura
1131 2923 1311 2995 senatos15

141 3033 317 3099 consultum
358 3035 573 3100 trebellianum
614 3046 646 3099 et
685 3034 862 3099 orfitianum
903 3035 1101 3112 tribuerunt,
1143 3041 1259 3098 matres

141 3169 248 3235 nempe
272 3152 426 3233 liberique
449 3172 565 3218 earum.
611 3164 713 3218 seret
735 3154 867 3236 piissimi
890 3153 1043 3234 Principis
1066 3152 1165 3218 nostri
1189 3171 1258 3218 con-

140 3271 262 3338 stitutio
285 3275 445 3340 sororibus
468 3275 549 3338 natis
571 3275 710 3357 legitima
732 3273 801 3338 iure
824 3273 986 3340 concessit.
