3328 5318
580 453 819 516 —458-

143 635 247 691 autem
282 627 327 691 sic
363 627 572 691 constituitur:
609 627 722 691 mando
759 628 896 708 cuidam,
930 636 963 692 ut
996 649 1052 711 pro
1085 648 1134 691 me
1169 628 1255 692 litem

143 752 307 834 suscipiat;
332 772 433 832 neque
457 753 660 816 sollemnibus
684 752 789 817 uerbis
813 774 891 835 opus
915 759 977 816 est:
1007 753 1254 832 quibuscumque

143 877 225 939 enim
259 883 494 958 procuratorem
528 877 646 958 eligere
678 898 813 958 possum.
860 897 961 958 neque
994 877 1126 940 interest
1153 883 1254 940 utrum

142 1001 226 1063 absit
249 1000 450 1064 aduersarius
474 1021 561 1064 meus
585 1022 626 1064 an
650 1021 800 1083 praesens
825 1002 878 1082 sit3
907 1003 1093 1083 plerumque
1118 1001 1200 1064 eninr
1225 1007 1255 1064 et
1327 1017 1333 1023 “’

141 1125 305 1206 ignorante
323 1143 360 1188 eo
383 1131 617 1207 procuratorem
641 1125 804 1190 constituo.
839 1132 870 1189 et
885 1126 917 1188 in
933 1147 1054 1189 summa
1070 1126 1254 1205 cuicumque
1292 1137 1307 1187 5

141 1249 321 1331 permiseris
346 1249 384 1313 de
408 1269 441 1312 re
466 1257 519 1313 tua
552 1269 647 1331 agere
672 1270 782 1314 eamne
806 1250 988 1328 defendere,
1020 1251 1047 1313 is
1071 1256 1255 1332 procurator

103 1385 129 1433 2.
141 1373 341 1455 intellegitur.
388 1377 416 1439 2.
440 1375 574 1438 Tutores
603 1379 634 1438 et
661 1379 821 1438 curatores
850 1374 1113 1454 quemadmodum
1141 1373 1254 1437 consti·

140 1503 268 1560 tuantur
290 1498 392 1580 prima
414 1497 608 1562 institutione
632 1498 841 1580 exposuimus.
881 1503 1017 1562 ceterum
1037 1497 1254 1561 admonendus

141 1645 175 1686 es
199 1629 444 1703 procuratorem,
469 1623 496 1686 si
512 1629 600 1686 actor
617 1628 673 1698 cst,
697 1623 742 1685 ita
759 1623 920 1686 intendere
944 1623 1060 1686 solere:
1080 1622 1121 1685 ‘si
1145 1628 1254 1704 paret

140 1746 405 1811 aduersarium
453 1747 569 1827 Titio,
615 1747 719 1810 cuius
762 1753 987 1830 procurator
1029 1767 1120 1827 snm,
1163 1746 1252 1809 dare
1273 1757 1307 1806 10

139 1878 334 1954 oportere,
364 1891 442 1935 curn
470 1871 558 1934 mihi
586 1871 701 1934 iudex
730 1871 960 1935 condemna':
991 1878 1022 1934 et
1050 1870 1253 1934 intentionem

140 1995 266 2076 quidem
295 2015 315 2058 a
343 1996 467 2060 domino
495 1995 601 2076 sumit,
637 1995 925 2060 condemnationem
959 2001 1062 2059 autern
1095 1995 1127 2058 in
1155 2001 1254 2059 semet

139 2121 242 2203 ipsum
267 2119 428 2184 conuertit.
475 2121 523 2184 sin
550 2125 654 2184 autem
684 2121 752 2202 quis
780 2121 996 2203 procuratorio
1024 2113 1150 2184 nomine
1182 2140 1252 2184 cou-

139 2245 276 2324 uenitur‚
317 2244 370 2324 qui
406 2245 472 2326 agit
503 2245 562 2308 hoc
599 2245 693 2309 modo
728 2245 890 2309 intendere
925 2244 1033 2308 debet:
1070 2244 1111 2307 ‘si
1145 2251 1253 2326 paret

139 2369 264 2432 Seium
293 2389 427 2433 aureos
451 2371 481 2432 X
505 2370 594 2433 dare
630 2375 820 2452 oportere:
856 2371 1015 2433 Primum
1050 2369 1131 2432 eius
1169 2378 1306 2452 pro-to

138 2501 352 2558 curatorem
376 2495 600 2558 condemna’.

402 3184 451 3246 De
475 3183 742 3247 satisdationibus.
789 3183 912 3247 Titulus
939 3187 988 3248 11.

226 3344 316 3407 Nunc
332 3343 372 3408 de
388 3343 643 3408 satisdationibus
660 3342 825 3407 dicendum
841 3349 902 3423 est,
920 3361 1002 3424 quae
1019 3342 1071 3405 uel
1087 3343 1128 3405 ab
1145 3348 1250 3406 actore

99 3488 123 3536 1.
136 3469 190 3533 uel
219 3489 239 3531 a
265 3489 320 3533 reo
348 3468 411 3532 litis
439 3468 556 3550 gratia,
585 3467 624 3531 de
649 3487 711 3547 qua
739 3467 856 3548 agitur,
884 3471 1092 3549 praestantur.
1139 3469 1165 3548 1.
1189 3467 1250 3528 Ad-

135 3592 309 3657 monendns
333 3612 367 3656 es
391 3599 493 3656 autern
518 3598 590 3656 ante
615 3592 720 3655 omnia
736 3591 831 3654 alium
847 3591 972 3654 modum
989 3589 1144 3654 eiusmodi
1161 3590 1249 3655 satis-
