3164 5338
516 419 757 483 -355-

92 594 237 678 corporis,
266 593 347 677 pede
371 599 447 677 puta
470 593 523 658 uel
545 614 640 658 manu
663 593 714 658 uel
738 594 843 676 oculo,
869 594 975 658 laesus
1002 593 1111 675 1111111,
1140 597 1195 658 aut

92 719 115 783 si
136 719 226 784 aedes
255 718 402 784 uenditae
430 725 515 783 totae
544 723 598 783 aut
625 719 732 799 aliqua
760 739 799 783 er
826 724 917 803 parte
945 717 1090 784 incendio
1120 737 1192 782 con-

90 849 223 926 sumptae
246 843 375 924 fuerint,
404 850 459 906 aut
481 843 595 908 fundus
619 843 653 907 ui
679 842 813 908 fluminis
837 848 919 908 totus
942 844 995 908 1111
1024 843 1131 926 aliqua
1155 863 1194 910 ex

89 973 171 1052 parte
193 968 317 1033 ablatus
341 968 396 1050 sit,
424 967 491 1034 siue
516 968 611 1033 etiam
638 967 840 1033 inundatione
869 987 1035 1049 aquamm,
1064 968 1117 1032 uel
1146 989 1194 1033 ar·

89 1091 209 1156 boribus
233 1092 356 1157 turbine
379 1091 509 1156 deiectis
532 1092 627 1174 longe
650 1091 751 1156 minor
774 1097 805 1156 et
828 1090 966 1157 deterior
984 1090 1099 1157 fundus
1123 1111 1194 1157 1111
1231 1107 1245 1158 5

90 1216 234 1300 coeperit:
258 1217 291 1281 in
314 1216 467 1281 eiusmodi
490 1216 634 1282 omnibus
658 1217 783 1281 casibus
804 1217 1022 1282 detrimentum
1046 1215 1087 1280 ad
1110 1235 1195 1300 emp-

89 1347 180 1406 torem
202 1341 346 1426 pertinet.
392 1342 485 1406 immo
510 1341 569 1406 etsi
591 1341 729 1406 nondum
751 1341 799 1406 rei
825 1341 1058 1426 possessionem
1084 1347 1194 1406 nactus

89 1465 183 1548 luerit,
208 1465 342 1550 pretium
366 1466 489 1530 soluere
514 1466 725 1550 compelletur.
776 1466 900 1532 omnino
925 1465 1007 1531 enim
1032 1465 1194 1531 sciendum

88 1596 140 1672 est,
164 1589 316 1672 quidquid
340 1591 459 1670 absque
476 1589 549 1654 dolo
573 1597 605 1655 et
620 1590 715 1674 culpa
730 1590 902 1676 uenditoris
918 1590 965 1655 rei
982 1589 1141 1672 acciderit,
1163 1591 1196 1654 in

88 1735 121 1780 eo
144 1721 243 1780 tutum
266 1734 337 1780 esse
359 1714 564 1780 uenditorem.
610 1715 765 1796 quomodo
788 1715 917 1780 fortuita
940 1714 1103 1779 diminutio
1128 1715 1194 1780 siue
1214 1725 1248 1782 10

88 1840 226 1905 interitus
249 1839 297 1904 rei
319 1839 466 1904 uenditae
491 1839 532 1904 ad
555 1845 726 1923 emptorem
750 1844 880 1922 spectat,
905 1839 950 1904 ita
966 1843 998 1904 et
1013 1839 1040 1904 si
1059 1839 1134 1919 quid
1149 1837 1196 1903 rei

88 1965 230 2030 uenditae
253 1964 332 2028 lucri
355 1963 532 2044 accesserit,
555 1963 689 2047 emptori
712 1963 743 2027 id
766 1963 914 2047 proderit.
961 1982 1058 2044 quare
1075 1963 1102 2028 si
1118 1963 1193 2027 allu-

87 2091 174 2154 uione
197 2088 298 2153 maior
312 2086 426 2152 fundus
448 2088 550 2152 factus
573 2093 622 2152 est
638 2087 824 2190 (eratenim
847 2088 928 2153 forte
952 2094 1075 2153 centum
1097 2086 1196 2171 pleth·

88 2233 197 2296 romm,
220 2218 292 2297 post
307 2231 382 2276 uero
399 2218 592 2277 contractam
608 2212 819 2277 uenditionem
836 2232 892 2296 per
908 2213 1077 2277 alluionem
1088 2213 1196 2277 decem

89 2338 148 2402 alia
168 2337 296 2422 plethra
320 2338 542 2422 accesserunt),
572 2337 735 2403 commodo
763 2343 885 2420 emptor
911 2337 1044 2402 fruetur:
1073 2342 1197 2420 oportet
1217 2348 1248 2400 15

89 2462 166 2526 enim
189 2462 258 2534 eius
282 2481 352 2526 esse
370 2461 575 2543 commodum,
600 2461 688 2526 cuius
712 2467 744 2526 et
759 2461 936 2526 detrimenti
951 2461 1124 2544 periculum
1140 2467 1196 2526 est.

46 2586 130 2652 11-31
145 2557 189 2652 ¹²Si
212 2606 288 2652 uero
312 2594 384 2651 ante
407 2586 607 2652 traditionem
629 2586 746 2668 fugerit
767 2585 860 2649 homo
885 2585 938 2666 qni
961 2586 1061 2650 11111111
1079 2585 1132 2650 uel
1155 2586 1195 2649 ab

89 2712 189 2792 aliquo
216 2712 381 2794 subreptus
404 2710 506 2792 fuerit,
529 2710 573 2774 ita
596 2716 631 2775 ut
653 2729 754 2790 neque
779 2709 869 2774 dolus
893 2729 995 2789 neque
1014 2709 1108 2793 culpa
1123 2729 1196 2773 uen-

88 2835 192 2902 ditoris
217 2835 342 2900 ostendi
363 2835 472 2918 possit,
496 2833 697 2918 dispiciamus
721 2855 763 2898 an
785 2833 857 2898 inde
881 2834 1025 2898 uenditor
1050 2833 1196 2898 damnum

88 2961 200 3025 sentire
224 2959 349 3024 debeat.
388 2959 486 3024 etita
509 2958 761 3041 distinguendum
785 2964 840 3022 est.
879 2958 906 3022 si
929 2957 1049 3022 uenditi
1063 2957 1197 3022 hominis
1216 2970 1250 3022 20

88 3085 259 3149 custodiam
287 3085 319 3148 i'n
350 3104 384 3149 se
412 3083 558 3148 uenditor
585 3085 758 3167 susceperit
788 3103 887 3164 usque
916 3083 958 3146 ad
987 3079 1195 3162 uaditionem,

87 3209 258 3274 custodiam
292 3209 361 3296 [hoc
396 3209 540 3273 nimimm
572 3209 668 3273 uerbo
698 3209 794 3272 utitur
825 3206 939 3294 textus]
973 3227 1050 3272 sane
1088 3207 1195 3273 debet:

87 3332 273 3416 (custodia
297 3340 344 3398 est
366 3339 470 3398 autem
486 3333 727 3416 diligentissima
743 3339 774 3398 et
790 3333 905 3397 eximia
919 3331 967 3397 rei
985 3333 1196 3415 conseruatio)

87 3464 115 3520 et
137 3441 207 3542 ipse
231 3457 304 3522 inde
329 3458 475 3523 damnum
491 3439 612 3522 sentiet.
648 3457 675 3521 si
694 3477 770 3522 uero
786 3476 850 3520 non
865 3457 1046 3540 susceperit,
1069 3477 1198 3522 securus

86 3582 150 3646 erit.
190 3582 274 3647 idem
297 3589 330 3646 et
351 3583 384 3646 in
407 3581 520 3647 ceteris
537 3582 735 3663 animalibus,
758 3581 857 3646 ueluti
872 3600 953 3661 equo
970 3581 1059 3646 esino
1076 3581 1196 3646 camelo
1216 3590 1249 3642 25

86 3707 229 3772 omnibus
253 3707 387 3788 denique
411 3705 443 3770 id
465 3726 578 3789 genno,
605 3714 637 3771 et
659 3706 691 3770 in
715 3705 827 3770 ceteris
855 3706 949 3770 rebus
977 3705 1195 3788 intellegimus.
