3154 5338
586 477 624 486 —
670 439 816 504 303-

142 637 194 694 tor
215 634 321 694 autem
342 631 391 694 ius
413 628 505 695 ciuile
528 625 713 693 confirmans
735 627 796 692 illis
819 627 944 710 quidem
964 627 1088 694 »unde
1110 627 1263 706 liberi«,

142 749 193 814 his
215 767 291 814 uero
319 748 440 813 »unde
462 747 661 828 legitimi«
680 747 831 812 bonorum
847 745 1011 828 pollicetur
1026 747 1263 829 possessionem.

142 873 178 932 et
205 866 278 931 licet
306 867 458 932 bonorum
485 867 712 949 possessionem
734 883 796 930 non
818 871 935 947 petant,
959 865 1027 931 iure
1050 863 1133 931 ciuili
1155 864 1265 929 nihilo-

143 986 246 1050 minus
267 985 399 1051 heredes
421 984 509 1052 fiunt.
546 988 653 1068 itaque
675 993 802 1068 praetor
823 986 873 1051 uel
901 986 1045 1052 emendat
1073 987 1124 1052 uel
1147 986 1266 1068 impug·
1367 973 1371 980 ’

144 1110 200 1169 nat
215 1105 266 1170 uel
281 1103 442 1171 confirmat
461 1105 510 1171 ius
532 1106 636 1172 ciuile:
660 1105 814 1184 emendat,
836 1105 929 1171 sicuti
945 1107 975 1170 in
991 1111 1134 1189 postumo
1149 1105 1266 1184 alieno;
1300 1112 1316 1164 5

145 1227 326 1308 impugnat,
355 1226 449 1292 sicuti
475 1227 506 1290 in
535 1227 705 1308 praeterito
733 1232 879 1308 patrono;
907 1225 1086 1306 confirmat,
1115 1226 1207 1292 sicuti
1234 1227 1266 1290 in

145 1343 272 1427 seriptis
293 1345 460 1411 heredibus
483 1350 578 1426 atque
606 1344 638 1409 in
666 1343 714 1409 his
744 1363 824 1428 quae
851 1345 889 1410 ab
919 1344 1068 1411 intestato
1101 1365 1138 1412 ex
1167 1346 1266 1428 primo

95 1475 126 1526 a.
145 1463 323 1530 secundoue
344 1463 453 1530 ordine
474 1469 637 1528 uocantur.
683 1465 711 1526 2.
746 1465 830 1542 Quos
857 1469 962 1529 autem
989 1470 1116 1546 praetor
1145 1470 1268 1529 tanturn

145 1591 239 1650 uocat
271 1585 311 1649 ad
344 1583 565 1660 hereditatem,
600 1602 661 1648 non
696 1584 790 1648 etiam
816 1584 864 1647 ius
894 1583 1000 1656 ciuile,
1034 1581 1165 1649 heredes
1198 1584 1266 1665 ipso

144 1704 213 1767 iure
236 1721 297 1768 non
320 1700 423 1778 efficit,
448 1701 585 1784 (heredis
608 1703 689 1766 enim
711 1719 822 1766 nomen
845 1706 972 1783 praetor
994 1701 1109 1767 nemini
1131 1703 1269 1768 tribuere
1288 1718 1320 1770 10

145 1823 273 1903 potest),
297 1830 346 1886 set
367 1823 416 1888 lex
443 1828 566 1886 tantum
594 1821 644 1887 uel
665 1822 748 1904 quod
770 1823 847 1903 legin
875 1822 976 1888 locum
1005 1823 1140 1905 optinet,
1170 1825 1269 1889 ueluti

145 1947 274 2006 senatus
297 1939 473 2006 consultum
496 1942 546 2006 uel
569 1941 749 2006 conutitutio
764 1941 927 2024 principis:
950 1945 1269 2008 senatusconsultum

145 2061 244 2125 ueluti
266 2059 492 2126 Tertullianum
515 2067 547 2125 et
570 2059 772 2140 Orfitianum3
795 2061 976 2127 constitutio
999 2061 1096 2126 ueluti
1118 2062 1170 2128 illa
1185 2061 1269 2144 prin·

144 2179 222 2260 cipis
245 2178 356 2256 nostri,
379 2195 459 2258 quae
481 2179 596 2244 sororis
611 2177 690 2244 filios
705 2180 787 2244 inter
802 2180 957 2262 legitimos
973 2188 1142 2245 enumerat
1180 2201 1269 2263 prae-

145 2302 198 2363 tor
218 2297 317 2379 igitur
339 2297 485 2363 heredem
509 2316 570 2362 non
592 2297 673 2377 lacit,
697 2298 752 2364 sed
775 2316 845 2363 oum
869 2300 1018 2365 bonorum
1042 2300 1268 2382 possessionem
1289 2313 1320 2365 1⁵

143 2416 241 2482 alicui
264 2417 325 2496 det,
349 2416 417 2483 loco
439 2418 564 2484 heredis
587 2436 657 2484 eum
685 2418 848 2484 constituit
876 2424 971 2501 atque
1001 2422 1151 2484 bonorum
1174 2418 1269 2485 efficit

143 2553 375 2616 possessorem,
400 2537 445 2601 ita
474 2548 510 2602 ut
539 2555 631 2617 agere
660 2545 692 2603 et
714 2537 873 2603 conueniri
901 2538 1010 2620 possit.
1061 2557 1117 2605 neo
1147 2545 1269 2604 tantum

143 2653 304 2736 praelatas
325 2655 477 2721 honorum
504 2657 714 2738 possessiones
748 2657 876 2722 »unde
902 2657 1050 2722 liberi«
1080 2663 1113 2722 et
1143 2657 1270 2722 »unde

143 2773 347 2856 legitimi«
385 2781 417 2840 et
453 2775 581 2841 »unde
613 2777 799 2856 cognati«
825 2782 952 2857 praetor
974 2775 1185 2858 excogitauit,
1221 2781 1270 2841 set

144 2895 241 2960 etiam
264 2894 342 2960 alias
366 2895 532 2977 plerasque
558 2913 594 2960 eo
623 2896 817 2975 potissimum
845 2902 1005 2977 spectans,
1034 2915 1072 2960 ne
1101 2896 1171 2975 quis
1201 2893 1270 2962 sine
1287 2901 1321 2952 20

143 3032 326 3080 successore
337 3020 527 3095 moreretur3
550 3015 778 3098 angustissimis
789 2999 872 3080 enim
883 3013 997 3080 finibus
1008 3015 1209 3082 successionis
1221 3014 1270 3079 ius

144 3153 185 3199 ex
207 3131 270 3196 ΧΠ
292 3133 470 3200 tabularum
492 3134 561 3215 lege
582 3134 786 3200 constitutum
809 3154 845 3199 ex
869 3136 949 3200 bono
972 3141 1004 3200 et
1026 3151 1125 3215 aequo
1145 3139 1270 3216 praetor

97 3270 125 3322 3.
147 3252 303 3346 dilatauit.
348 3253 377 3316 3.
411 3251 569 3319 Bonorum
592 3253 804 3333 possessiones
826 3261 892 3317 tum
922 3272 960 3318 ex
988 3257 1175 3318 testamento
1203 3258 1270 3318 tum

144 3373 188 3438 ab
219 3372 368 3437 intestato
399 3373 524 3437 dantur.
572 3378 645 3437 sunt
672 3377 778 3437 autern
813 3373 963 3438 honorum
991 3371 1204 3453 possessiones
1232 3392 1270 3438 ex

144 3498 337 3558 testamento
359 3492 486 3573 quidem
508 3491 575 3556 hae.
599 3492 708 3572 prima
731 3509 825 3574 quam
840 3491 1019 3574 praeteritis
1033 3489 1139 3556 liberie
1161 3499 1270 3558 contra
1287 3513 1321 3566 25

144 3610 272 3678 tabulas
287 3616 414 3692 praetor
435 3608 614 3693 pollicetur:
631 3610 783 3689 seeunda3
798 3627 892 3691 quam
906 3609 1049 3675 omnibus
1064 3612 1131 3675 iure
1146 3611 1271 3691 scriptis
