3154 5338
817 379 963 443 --312
1010 415 1045 424 -

340 619 343 625 .
374 564 432 627 ὑπό
455 569 517 628 τῶν
547 563 734 630 οτεάἰίότωο
764 565 1018 651 διαπραθήναιῑ),
1050 561 1272 646 προσελευθεὶς
1297 563 1314 623 ό
1340 559 1480 646 ἁρμόδιος

361 659 480 758 Ιἄρχων
502 671 560 733 ὑπὸ
583 668 637 733 τοῦ
661 671 805 759 τυχόντος
835 668 1047 754 ἐλευθερίας’)
1079 669 1111 732 ἐν
1139 665 1273 752 διαθήκῃ
1302 664 1352 728 καί
1378 663 1480 745 βουλο-

372 772 469 854 μένου
496 773 599 860 ἑαυτῷ
622 773 879 860 προςκυρωθήναι
908 773 944 836 τὰ
973 775 1157 857 πράγματα,
1186 769 1266 844 ὥςτε
1296 763 1480 853 φυλαχθῆναι

375 875 429 950 τὰς
451 875 643 961 ἐλευθερίας,
668 876 865 962 πεισθήσεται
885 878 932 960 τῷ
952 873 1193 962 προςερχομένιρ
1210 873 1258 935 καὶ
1275 869 1481 956 προςκυράσει

342 977 463 1064 ῦαότῷ
485 979 524 1042 τά
545 982 721 1066 πράγματα,
745 979 827 1044 οὕτω
847 980 962 1063 μέντοι,
985 979 1064 1052 ὥςτε
1086 977 1205 1050 καὶτὰς
1221 969 1482 1042 ἀίτόαλοεκαίτάς

374 1077 683 1148 fideicommissarias
698 1081 881 1164 ἐλευθερίας
895 1081 1146 1170 παρασχεθήναι·
1164 1078 1317 1164 πρότερον
1330 1075 1435 1159 μέντοι
1448 1070 1479 1135 δι’

375 1181 494 1264 ἐγγυῶν
524 1185 647 1260 δόσεως
673 1184 692 1270 ή
719 1186 767 1248 καί
797 1184 917 1268 ἑτέρως
944 1183 1130 1257 ἀξιοπίστως
1159 1184 1212 1244 τοῦ
1240 1180 1401 1266 ἀσφαλοῦς
1430 1181 1484 1250 τοῖς
1567 1219 1568 1280 χ

374 1285 540 1351 creditorsi
556 1286 731 1412 γενομένου,
756 1289 801 1350 ότι
824 1289 856 1350 τὸ
876 1286 1043 1372 όλόκλήρον
1067 1285 1189 1368 ἑκάστῳ
1211 1283 1309 1371 χρέος
1331 1279 1483 1353 ἀποσώζε-

375 1411 431 1452 ται.
479 1390 583 1452 Καὶ
556 1414 583 1452 οι
604 1391 662 1472 μὲν
685 1389 786 1454 direct
772 1395 823 1454 tas
830 1388 1004 1486 ἔχοντεςθ)
1033 1385 1217 1470 ἐλευθερίας
1245 1385 1345 1458 οὕτως
1368 1382 1483 1448 ἐλευθε-

327 1511 358 1561 10
373 1489 516 1573 ροῦνταί,
547 1492 652 1578 ὥςπερ
681 1495 750 1556 εί
736 1517 752 1554 ο
777 1493 966 1578 κληρονόμος
995 1491 1124 1574 οὕτωςέ)
1149 1489 1308 1592 ήάίίθαεθ,
1338 1485 1484 1551 τουτέστιν

374 1594 577 1677 orcinoi⁵)'
542 1618 679 1676 γενσνται
695 1597 771 1659 άπελ
775 1595 918 1681 εόθεροι·
944 1595 988 1670 οἷς
1004 1595 1040 1658 δὲ
1055 1593 1351 1664 fideicommissaria
1366 1592 1485 1656 ἐλευθε-

328 1696 427 1781 ρία
449 1698 652 1785 καταλειφθῇ,
677 1702 710 1762 τὸ
734 1700 888 1826 φάκτον
876 1698 1016 1785 ἐπιθήσει
1043 1704 1098 1785 τῆς
1120 1697 1303 1783 ἐλευθερίας
1325 1697 1486 1779 ἐκεῖνοςῷ

374 1800 604 1886 πρυσεκυρώθή
628 1802 664 1864 τὰ
687 1803 855 1885 πράγματα
876 1805 925 1866 καὶ
949 1802 1043 1865 αὐτοῦ
1065 1803 1204 1889 δηλονότι
1224 1803 1404 1888 γενήσονται
1420 1799 1486 1860 ἀπε-

373 1903 528 1988 λεόθεροι.
575 1898 696 1977 Ἔξεστι
724 1904 760 1966 ἀὲ
789 1904 912 1988 ἐκείνῳ,
942 1902 969 1990 ᾧ
999 1904 1223 1990 προςκυροῦται
1252 1905 1289 1968 τά
1316 1905 1486 1988 πράγματα,

325 2021 356 2072 15
375 2006 482 2088 λέγειν,
507 2009 552 2070 ότι
575 2008 631 2095 οὐχ
653 2006 773 2093 ἑτέρως
788 2007 942 2093 βούλομαι
962 2008 1227 2094 προσκυρωθήναί
1237 2032 1290 2092 μοι
1305 2007 1359 2093 τήν
1374 2004 1486 2081 οὐσίαν,

377 2111 404 2174 εί
422 2111 465 2196 μή
489 2110 537 2173 ἐπὶ
561 2109 659 2193 τούτῳ
684 2113 729 2194 τῷ
751 2111 835 2193 ὅρῳ,
869 2111 947 2184 ὥςτε
977 2111 1024 2174 καὶ
1052 2111 1126 2186 τοὺς
1148 2110 1286 2176 dir6ctas
1309 2108 1487 2195 ἐλευθερίας

376 2213 503 2300 ἔχοντας
526 2212 619 2297 ἐμοὺς
642 2212 878 2297 ἀπελευθέρους
900 2215 1065 2296 γενέσθαι·
1093 2213 1183 2278 τοῦτο
1206 2215 1298 2300 γὰρθ)
1322 2212 1487 2298 προτείνων

376 2315 604 2401 ἀκουσθήσεται
625 2317 673 2378 καί
687 2319 742 2402 τήν
765 2316 874 2379 τούτου
898 2316 1014 2403 αίιήσιν
1035 2317 1196 2399 βεβαιοῖί)
1224 2317 1417 2399 βασιλεόςῧ),
1438 2315 1487 2401 μό-
1568 2399 1569 2402 ¹

378 2418 461 2501 vov9)
492 2419 519 2482 εί
541 2416 733 2483 συναινοῦσιν
761 2421 789 2482 οί
811 2420 908 2501 niem)
936 2419 1074 2483 dirfiotas
1103 2418 1292 2494 ἀξιωθέντες
1300 2421 1337 2501 ¹¹)
1366 2419 1489 2484 ἐλευθε-
1568 2431 1569 2434 ’

324 2541 358 2592 20
373 2520 496 2605 pt'affl)
541 2521 671 2585 Κάκεῒνο
698 2522 735 2585 δέ
766 2522 963 2608 προςτίθησιν
993 2524 1011 2608 ή
1043 2523 1180 2597 διάταξις
1210 2525 1289 2607 πρὸς
1317 2523 1488 2605 βεβαίωσιν

376 2629 430 2712 τῆς
452 2626 566 2701 οἰκείας
589 2625 842 2711 φιλανθρωπίας·
873 2625 951 2714 φήσί
974 2629 1034 2713 γὰρ
1061 2627 1114 2691 ἐὰν
1140 2628 1278 2714 μηθενὸς
1306 2627 1490 2713 προσιόντος

375 2728 392 2790 ό
416 2725 509 2793 fiscos
533 2732 576 2804 ὡς
598 2730 748 2796 υαοόαίὶα
770 2732 939 2816 λαμβάνειν
960 2732 1151 2814 βοόλεταιῑθ)
1175 2733 1213 2796 τὰ
1234 2732 1413 2817 πράγματα,
1438 2730 1490 2818 οόχ

375 2829 493 2916 ἑτέρως
530 2834 716 2918 λήήεταιῐί),
747 2834 773 2896 εί
799 2835 843 2920 μή
872 2839 934 2908 τοῖς
964 2834 1223 2921 ἐλευθερωθεῖσιν
1250 2835 1282 2899 ἐν
1309 2836 1447 2922 διαθήκη
1455 2835 1490 2914 ¹⁵)

375 2935 471 3019 ήτοῦ
495 2936 732 3020 τελευτήσαντος
754 2935 899 3024 φυλαχθῇ
926 2937 1125 3022 βυόλήσις,
1106 2959 1145 3023 ς
1166 2961 1251 3002 ουτοι
1276 2937 1409 3025 ήμελλον
1433 2938 1489 3001 ἐπι·

326 3061 359 3112 25
379 3038 544 3125 τυγχάνειν,
569 3037 649 3102 adit'
624 3044 727 3104 tlonos
748 3039 927 3124 γενομένης.
966 3042 994 3104 2.
1026 3041 1061 3104 ίίν
1085 3045 1185 3126 παρὸν
1200 3040 1385 3124 r6s0ript0n
1401 3042 1528 3126 ἐβσήί

377 3139 476 3264 θήσεν
498 3142 534 3203 οὐ
555 3142 651 3224 μόνον
674 3142 705 3204 ἐλ
691 3141 874 3224 λευθερίαις,
902 3143 979 3205 ἀλλὰ
1002 3167 1048 3206 και
1071 3148 1133 3216 τοῖς
1155 3145 1384 3228 τελευτήσασιν,
1409 3146 1493 3217 ὅπως

361 3245 418 3334 μή
441 3246 478 3307 τὰ
500 3245 616 3307 τούτων
641 3247 808 3329 πράγματα
839 3246 896 3308 όπλ
918 3247 1052 3334 κατοχὴν
1073 3245 1197 3372 γένήται
1220 3251 1281 3309 τῶν
1303 3245 1494 3311 creditorum

376 3347 426 3410 καί
449 3347 624 3435 ἀιαπραθή·
656 3342 933 3434 προςκυρουμένων
957 3349 1016 3434 γὰρ
1039 3351 1195 3435 προφάσει
1227 3355 1282 3438 τῆς
1310 3349 1495 3435 ἐλευθερίας

377 3451 421 3514 ἑνὶ
442 3456 504 3515 τῶν
527 3453 682 3541 τυχόντων
704 3452 887 3537 ἐλευθερίας
911 3457 972 3517 τῶν
995 3457 1195 3539 πραγμάτων,
1223 3455 1243 3540 ή
1266 3458 1329 3518 τῶν
1351 3451 1495 3538 πραγμά·

325 3575 361 3626 30
380 3576 441 3616 των
465 3555 558 3639 ἀργεῖ
576 3556 757 3642 θιάπρασις·
787 3556 915 3643 εὕρήται
943 3557 1004 3642 γάρ
1032 3556 1189 3622 ἀθίόυεωτ
1211 3558 1257 3642 τῷ
1277 3557 1496 3642 τελευτήσαντι

445 3848 468 3914 ¹)
487 3847 630 3920 διαπραχθ.
649 3847 681 3902 G.
701 3846 731 3902 F.
816 3847 874 3912 4)
898 3846 972 3900 -ίαν
991 3845 1036 3900 Ll.
1054 3847 1098 3902 F'.
1217 3847 1240 3916 ⁸)
1265 3849 1313 3908 τὰς
1329 3846 1378 3902 ins.
1399 3848 1445 3904 Vi.
1463 3848 1496 3902 R.

377 3932 401 3999 4)
419 3931 479 3986 add.
498 3932 536 3988 M.
618 3936 641 4000 ⁶)
658 3935 698 3989 ita
716 3949 766 3988 scr.
783 3934 821 3987 M.
901 3934 924 4001 ⁶)
944 3933 975 3985 δὲ
991 3933 1034 3986 Vi.
1051 3933 1084 3987 R.
1163 3934 1186 4002 7)
1203 3934 1218 3986 ό
1237 3935 1285 3987 ins.
1304 3931 1336 3987 V.
1421 3935 1447 4005 8)
1466 3933 1499 3986 σίν

376 4017 425 4071 ins.
443 4018 477 4072 V.
579 4020 603 4086 9)
621 4021 651 4072 δὲ
668 4021 716 4074 ins.
736 4018 778 4074 vi.
796 4019 828 4073 R.
940 4021 976 4090 ¹⁰)
998 4025 1046 4090 τῆς
1064 4019 1104 4072 vi.
1123 4020 1155 4074 R.
1267 4023 1303 4085 11)
1320 4021 1443 4089 -θῆναι
1461 4019 1499 4073 Μ.

377 4103 413 4171 1²)
431 4105 468 4158 ἐλ.
487 4104 528 4163 de.
548 4104 579 4158 V.
647 4107 684 4173 18)
701 4106 777 4170 βυόλ.
796 4105 878 4171 λαμβ.
897 4103 942 4158 [ό.
960 4105 1002 4158 vi.
1021 4105 1052 4159 F.
1070 4105 1102 4159 R.
1124 4106 1219 4172 λαβεῖν
1238 4105 1282 4160 11⁶.
1350 4107 1387 4173 l⁴)
1408 4109 1499 4158 ταῦτα

378 4191 425 4244 ins.
444 4191 486 4244 Vi.
504 4191 536 4246 R.
640 4195 675 4263 1⁶)
693 4195 741 4252 τὰς
760 4192 918 4261 ἐλευθερίας
935 4196 1068 4262 παρασχῇ
1087 4193 1130 4245 καί
1148 4193 1196 4246 ins.
1216 4192 1259 4246 12⁶.
1275 4191 1320 4256 vi.
1339 4191 1372 4246 R.
