3370 5350
589 407 821 472 ..235-

119 612 136 661 1.
235 596 261 659 1.
303 593 379 667 Post
412 611 519 660 ornnes
551 593 702 664 eiusmodi
736 611 886 675 personas
917 593 1107 674 excogitauit
1139 599 1266 676 praetor

152 711 275 777 tertium
298 713 447 789 ordinem,
470 731 508 778 ex
530 730 591 793 quo
613 719 761 794 cognatos
783 719 884 791 uocat,
908 721 1039 778 naturae
1053 711 1179 794 quidem
1195 731 1266 796 cop

150 833 237 909 nitos‚
261 831 321 914 tegi
343 849 419 898 uero
441 830 504 898 XII
525 832 701 898 tabularum
718 837 827 914 utpote
842 832 1015 913 angustiori
1030 832 1161 914 ignotos.
1192 835 1266 898 sunt

149 951 179 1016 hi
200 951 255 1036 qui
278 951 390 1036 eapitis
413 953 655 1018 deminutionem
679 960 753 1018 sunt
775 953 858 1035 passi
880 950 1033 1033 liberique
1060 972 1098 1019 ex
1120 952 1166 1019 eis
1189 951 1264 1017 nati.

148 1071 324 1137 huiusmodi
347 1073 427 1137 enim
449 1090 600 1154 personas
623 1071 690 1154 lege
713 1072 772 1137 XII
801 1069 977 1137 tabularum
1001 1078 1130 1153 propter
1152 1071 1264 1152 eapitis
1297 1069 1315 1120 ὅ

150 1189 388 1262 deminutionem
410 1191 481 1256 odio
504 1191 627 1262 uetitas
649 1211 686 1260 ox
716 1191 809 1259 tertio
837 1197 963 1272 praetor
991 1190 1101 1258 ordine
1130 1193 1264 1258 uocauit.

149 1309 178 1374 id
192 1329 276 1376 nuno
298 1310 393 1388 ualet,
416 1308 552 1392 exeept'm
574 1315 696 1384 tantum
718 1307 869 1376 iratribus
889 1329 926 1378 ne
948 1310 1109 1376 sororibus
1131 1309 1266 1378 emanci-

149 1430 237 1510 patis,
260 1448 323 1495 non
346 1447 424 1496 uero
444 1427 552 1494 liberis
581 1447 619 1494 err
648 1428 688 1494 iis
716 1428 839 1510 genitis.
890 1427 956 1494 lata
986 1436 1034 1494 est
1062 1429 1142 1494 euim
1174 1429 1266 1496 diune

147 1549 371 1616 reeordationis
388 1547 547 1614 Anastasii
569 1524 761 1626 comtitutio‚
784 1565 847 1629 que
868 1553 999 1614 cauetur
1013 1555 1050 1614 ut
1065 1548 1092 1614 si
1108 1547 1178 1631 quis
1201 1567 1265 1613 mo-

147 1669 244 1734 riatur
267 1668 396 1733 fratrem
420 1667 600 1751 relinquens
621 1668 738 1752 integri
761 1669 852 1747 iuris,
875 1667 934 1734 hoe
957 1675 1005 1734 est
1034 1667 1146 1750 eapitis
1168 1667 1264 1734 demi·
1284 1667 1316 1720 10

146 1785 304 1852 notionem
326 1785 441 1852 nullam
465 1805 599 1870 passum,
622 1785 818 1870 alterumque
840 1786 940 1867 eapite
956 1785 1158 1866 deminutum,
1181 1794 1265 1854 uter-

147 1906 268 1988 quoad
289 1905 402 1978 mortui
426 1904 532 1970 fratris
554 1913 737 1973 mortuaeue
759 1905 877 1970 sororis
895 1905 1100 1976 hereditatem
1123 1910 1267 1980 uocetur,

147 2042 203 2088 uon
226 2025 338 2106 aequis
361 2031 464 2088 tamen
488 2025 639 2104 partibus,
662 2032 711 2090 set
733 2033 769 2089 ut
790 2024 867 2104 quid
880 2023 1014 2106 amplius
1029 2023 1189 2104 legitimus
1210 2025 1273 2090 ha·

145 2142 232 2208 beat:
254 2143 376 2208 soiiieet
398 2151 434 2208 ut
462 2142 565 2225 eapite
594 2144 775 2208 deminutus
802 2144 950 2208 trientem
974 2144 1121 2223 accipiat,
1151 2144 1265 2226 integri

145 2279 218 2329 uem
240 2261 321 2328 iuris
344 2261 482 2344 dapium,
504 2262 534 2326 h.
551 2283 577 2326 e.
600 2256 731 2328 bessem.
768 2279 859 2326 omne
882 2281 956 2327 uero
979 2263 1018 2327 de
1040 2262 1097 2328 hoo
1119 2261 1168 2328 ius
1191 2262 1265 2328 licet
1285 2276 1315 2328 to

146 2383 200 2446 tibi
234 2383 356 2446 discere
388 2383 560 2462 praefatam
594 2382 709 2462 legenti
741 2381 1003 2448 constitutionem.
1055 2382 1156 2462 capite
1190 2402 1263 2465 ergo

146 2502 325 2567 deminutus
346 2500 444 2567 frater
460 2477 564 2566 ¹simul
592 2509 723 2568 uocatur
751 2521 819 2567 oum
853 2501 907 2566 iilo
941 2503 994 2584 qui
1027 2503 1165 2583 legitima
1196 2504 1265 2567 iura

145 2620 311 2686 imminuta
339 2621 492 2686 seruauit:
528 2621 677 2688 minorem
708 2627 811 2693 tumen
841 2623 1057 2702 consequitur,
1087 2632 1123 2686 ut
1149 2623 1267 2688 dietum

146 2747 200 2816 est,
223 2740 416 2822 portionem:
439 2741 552 2808 ueteris
574 2750 678 2808 eutem
705 2740 864 2820 adunatis,
895 2741 988 2806 etiam
1017 2742 1043 2806 si
1072 2741 1183 2822 eapitis
1213 2743 1265 2808 de·

145 2859 347 2924 rainutionem
371 2879 433 2925 nou
454 2861 518 2924 sint
539 2861 633 2942 passi,
657 2861 690 2926 iu
712 2861 893 2926 uniuersum
915 2863 1128 2942 anteponitur,
1153 2859 1264 2926 muite-
1281 2873 1316 2924 to

145 2995 202 3058 que
224 2977 329 3058 magis
351 2979 501 3060 cognatis.
538 2981 646 3058 itaque
668 2980 695 3042 si
718 2999 775 3060 ego
799 2981 913 3044 moriar
935 2979 1062 3044 fratrem
1085 2979 1264 3060 relinquens

144 3096 243 3180 eapite
268 3097 462 3163 deminutum
485 3115 523 3162 ao
545 3103 700 3178 patruum,
722 3098 819 3163 irater
841 3103 1055 3180 anteponetur.
1084 3117 1173 3164 nemo
1190 3117 1263 3182 ergo

120 3217 252 3296 *capitis
275 3233 387 3298 pessus
410 3217 650 3282 deminutionem
673 3237 711 3282 ex
732 3217 936 3298 adgnatorum
954 3217 1062 3283 ordine
1085 3217 1262 3292 uocabitur,

144 3333 199 3400 nisi
221 3334 326 3402 frater
346 3355 496 3420 sororque
518 3337 743 3415 tantummodo,
766 3356 827 3402 nou
850 3345 954 3402 autem
977 3336 1083 3403 fratris
1104 3337 1203 3403 liberi.
1231 3337 1264 3401 hi

145 3455 223 3519 enim
258 3455 394 3537 capitem
428 3458 669 3522 deminutionem
705 3457 789 3538 passi
816 3457 847 3521 in
884 3460 1086 3535 cognatorum
1122 3453 1265 3522 recidunt
1281 3468 1315 3520 25

110 3591 129 3643 t.
144 3573 294 3640 ordinem.
318 3576 347 3640 2.
369 3573 435 3645 Hos
451 3577 545 3643 etiam
567 3578 620 3658 qui
643 3596 680 3641 ex
701 3575 839 3644 feminini
860 3593 952 3642 sexus
974 3576 1116 3658 personis
1139 3575 1265 3643 deseen-

145 3691 220 3759 dunt
242 3693 339 3760 sicuti
361 3696 464 3778 sepite
488 3695 665 3762 deminutus
693 3697 753 3780 tegi
777 3697 835 3761 XII
863 3693 1040 3760 tabularum
1067 3695 1189 3777 ignotos
1211 3713 1263 3759 uo·
