3328 5318
592 445 632 454 .-
679 405 741 473 437
790 443 831 451 --

155 587 285 650 dimidia
308 608 375 650 sum
392 586 544 667 dominus,
570 592 635 649 ate
652 604 831 668 possessum
850 581 1013 662 uindicem,
1038 581 1145 644 dicens
1168 585 1266 644 toturn

78 728 139 782 acb.
155 711 282 776 fundum
308 717 362 774 aut
385 731 424 774 ex
447 710 568 773 duabus
592 709 733 792 partibus
757 728 859 771 meum
876 725 954 770 esse.
991 707 1067 772 3311.
1084 707 1266 787 Tempore

155 841 260 900 autern
275 836 346 918 plus
362 841 445 918 peto,
463 835 490 898 si
502 834 535 898 id
551 833 633 914 quod
650 833 682 896 in
699 833 780 895 diem
797 832 848 895 uel
864 832 921 895 sub
939 831 1120 894 condicione
1137 829 1268 894 debetur

155 960 335 1024 antediem
363 961 414 1023 uel
438 966 511 1024 ante
539 959 732 1024 condicionis
761 963 906 1022 euentum
934 963 1048 1040 petam.
1095 975 1157 1037 qua
1185 955 1266 1019 enim

154 1085 276 1148 ratione
301 1085 353 1165 qui
377 1085 506 1165 tardius,
530 1084 612 1148 idest
635 1089 707 1166 post
728 1089 861 1165 tempus,
886 1081 993 1163 soluit,
1018 1081 1119 1144 minus
1143 1080 1266 1143 soluere
1304 1089 1319 1140 5

154 1209 361 1291 intellegitur,
395 1208 506 1272 eadem
538 1209 659 1272 ratione
693 1207 746 1288 qui
777 1207 928 1270 maturius
960 1206 1050 1288 petit,
1079 1205 1149 1288 plus
1181 1205 1266 1286 petit.

79 1352 137 1402 330.
158 1337 233 1400 33c.
258 1334 357 1397 Loco
380 1332 451 1415 plus
474 1332 584 1415 petitio
609 1331 816 1413 committitur,
844 1330 942 1394 ueluti
965 1330 993 1393 si
1016 1329 1057 1411 id,
1082 1329 1165 1410 quod
1182 1334 1267 1393 certo

155 1459 225 1522 loco
248 1459 323 1522 mihi
350 1459 431 1522 solui
458 1459 561 1541 debet,
587 1459 649 1523 alio
670 1460 740 1522 loco
762 1465 867 1542 petam
888 1459 955 1522 sine
972 1456 1266 1522 commemoratione

155 1583 223 1646 eius
247 1583 319 1665 loci,
345 1603 404 1664 quo
429 1583 567 1647 debitum
590 1583 665 1648 mihi
689 1583 873 1647 soluendum
897 1588 973 1646 erat.
1014 1587 1048 1645 ut
1071 1600 1155 1663 eece,
1179 1579 1268 1644 uerbi

156 1708 275 1789 gratia,
304 1708 349 1771 ita
373 1728 393 1771 a
415 1713 446 1772 te
479 1728 547 1771 sum
580 1709 760 1791 stipulatus:
790 1707 940 1791 ‘Ephesi
964 1705 987 1769 O
1012 1726 1147 1770 aureos
1179 1703 1321 1770 mihim

156 1832 249 1896 dare
272 1833 485 1915 spondes?';
511 1833 593 1914 quod
614 1834 655 1896 ad
670 1833 719 1898 ius
743 1833 845 1913 ciuile,
869 1852 932 1896 non
955 1851 1083 1915 possum
1107 1837 1180 1894 ate
1204 1829 1266 1894 alio

154 1957 225 2021 loco
249 1963 366 2040 petere,
390 1979 483 2040 quam
506 1958 637 2041 Ephesi:
663 1963 752 2022 extra
775 1957 857 2021 enim
873 1957 1031 2040 Ephesum
1051 1962 1161 2039 petens
1184 1956 1267 2020 loco

155 2083 227 2165 plus
251 2089 332 2165 peto.
379 2083 406 2146 si
429 2103 504 2165 ergo
533 2085 653 2148 Romae
681 2084 780 2166 degas
809 2090 840 2146 et
867 2102 926 2164 ego
951 2103 971 2145 a
993 2088 1024 2145 te
1048 2101 1124 2164 pure
1152 2085 1267 2163 petam,

154 2207 238 2272 idest
261 2208 328 2271 sine
351 2208 470 2290 Ephesi
493 2209 801 2290 commemoratione,
830 2208 913 2291 plus
937 2206 1077 2289 petitio
1105 2204 1268 2270 inducitur.

156 2339 205 2396 set
229 2353 298 2396 oum
321 2333 366 2396 ita
388 2333 485 2416 fieret,
508 2340 542 2398 ut
563 2354 622 2416 ego
640 2355 659 2397 a
675 2340 705 2397 te
726 2353 884 2413 nunquam
907 2337 1015 2414 petere
1038 2349 1173 2413 possem,
1199 2350 1268 2394 cum
1288 2339 1320 2391 15

154 2479 315 2540 nunquam
338 2457 455 2542 Ephesi
479 2478 565 2523 esses
596 2461 710 2541 (neque
734 2459 816 2522 enim
840 2456 958 2540 Ephesi
985 2461 1092 2539 petere
1115 2460 1266 2538 poteram,

155 2604 226 2647 cum
251 2583 294 2647 ihi
317 2603 475 2664 nunquam
499 2583 704 2648 inueniendus
728 2603 828 2664 esses,
857 2601 958 2664 neque
987 2586 1076 2644 extra
1100 2580 1266 2662 Ephesum,

153 2727 195 2772 ne
219 2707 358 2790 inpius
382 2707 602 2790 petitionem
626 2707 817 2788 inciderem),
842 2705 913 2770 ideo
930 2711 1059 2788 praetor
1073 2705 1153 2768 hanc
1170 2704 1268 2768 inten-

154 2834 272 2897 tionem
295 2833 464 2915 proposuit.
498 2832 679 2896 facultatem
704 2832 785 2895 enirn
809 2831 885 2894 mihi
905 2830 991 2894 dedit
1007 2835 1095 2893 extra
1110 2829 1268 2912 Ephesum

154 2977 281 3039 quoque
306 2979 325 3021 a
348 2964 379 3022 te
408 2958 548 3041 petendi,
576 2956 871 3022 commemoratione
898 2960 1004 3018 tamen
1030 2953 1148 3037 Ephesi
1174 2954 1268 3034 facta,
1287 2962 1322 3014 20

153 3089 189 3147 ut
228 3083 273 3148 ita
309 3083 396 3166 plus
437 3083 663 3165 petitionem
702 3081 805 3146 uitem.
873 3081 901 3144 si
940 3080 1022 3144 enim
1056 3079 1174 3143 Romae
1215 3078 1268 3140 ad-

153 3227 266 3272 uersus
289 3211 320 3271 te
344 3206 388 3270 ita
415 3207 589 3271 intendam:
619 3207 660 3271 ‘si
693 3213 803 3290 paret
837 3203 1102 3268 aduersarium
1129 3201 1269 3285 Ephesi

155 3332 345 3396 Caureos
367 3332 457 3396 mihi
480 3332 570 3396 dare
594 3328 801 3414 oportere’:
826 3331 897 3414 plus
924 3334 1031 3412 petere
1058 3347 1120 3392 non
1147 3325 1267 3390 uideor.

154 3457 204 3521 sin
240 3463 343 3521 autem
371 3476 448 3540 pure
476 3463 597 3539 petam,
633 3456 715 3520 idest
746 3455 902 3519 mentione
932 3452 1050 3536 Ephesi
1079 3472 1142 3516 non
1171 3451 1267 3532 facta,

153 3583 241 3665 plus
266 3581 401 3665 petitio
423 3581 631 3646 committitur.
679 3581 783 3644 adimo
801 3579 883 3644 enim
902 3578 1069 3642 utilitatem
1092 3577 1268 3650 ethorum,
1287 3583 1320 3635 25

155 3728 250 3788 quam
275 3706 406 3771 haberet
428 3708 601 3791 promissor
616 3706 644 3770 si
658 3706 776 3789 Ephesi
792 3705 937 3768 solueret.
971 3703 1051 3767 forte
1068 3702 1150 3767 enirn
1165 3700 1268 3766 facilis
