3154 5338
575 434 806 502 -318-

139 625 372 709 praetoriae:
406 624 551 690 ciuiles
584 627 658 690 sunt
690 643 772 706 quae
804 621 925 704 legibus
953 621 1159 696 constitutae,
1194 625 1250 685 aut

139 751 216 811 certe
238 745 307 810 iure
323 743 406 810 ciuili
426 744 647 826 comprobatae
669 748 756 822 sunt;
780 741 1010 826 praetoriae
1033 745 1147 830 autern,
1171 759 1250 822 quas

138 870 259 948 praetor
274 886 311 930 ex
327 885 385 931 sua
399 865 613 930 iurisdictione
635 863 784 940 definiuit
808 883 889 946 quac
904 863 999 929 otiam
1013 861 1251 926 honorariac

106 1002 123 1050 r.
139 985 290 1051 dicuntur.
336 991 369 1054 et
389 985 466 1051 hacc
492 985 619 1068 quidem
646 986 733 1068 prior
755 985 868 1050 diuisio
890 989 947 1048 est.
993 985 1021 1047 2.
1045 983 1154 1047 Altera
1175 1001 1250 1047 uero

138 1106 246 1172 diuisio
269 1125 307 1172 ca
329 1111 393 1184 ost,
417 1107 551 1188 quaein
574 1111 727 1189 quattuor
747 1106 865 1188 species
888 1105 1069 1184 deducitur;
1092 1108 1149 1170 aut
1170 1104 1285 1170 enims

138 1245 176 1291 er
198 1232 502 1306 contractusunt,
526 1227 722 1309 autquasi
745 1246 789 1292 ex
811 1230 1040 1304 contractu,
1065 1230 1121 1290 aut
1135 1244 1177 1289 cx
1193 1224 1253 1289 de-

137 1346 225 1412 licto
254 1347 453 1428 autquasi
481 1366 524 1412 ex
551 1347 710 1413 delicto.
756 1350 881 1429 oportet
908 1346 996 1428 prius
1019 1345 1057 1409 dc
1078 1343 1127 1409 his
1156 1344 1250 1426 loqui,

137 1486 213 1549 quae
237 1486 275 1533 err
302 1471 466 1533 contractu
493 1473 584 1548 sunt3
616 1472 796 1533 contractus
827 1469 932 1531 autem
962 1469 1011 1530 est
1038 1464 1172 1529 duorum
1202 1463 1253 1528 uel

137 1587 272 1669 plurium
293 1588 326 1652 iu
347 1587 431 1653 idem
453 1583 619 1654 conuentio
639 1592 735 1668 atque
751 1605 929 1662 consensus,
952 1589 989 1648 ut
1010 1583 1158 1665 obligatio
1182 1601 1253 1647 cou-

137 1708 289 1774 stituatur
310 1714 342 1774 et
371 1709 451 1774 alter
474 1709 565 1774 alteri
587 1709 738 1774 obnoxius
767 1706 928 1772 efficiatur.
973 1710 1125 1788 quattuor
1147 1708 1252 1768 autem
1274 1711 1304 1762 10

139 1847 173 1892 ex
193 1829 409 1894 contractibus
432 1829 578 1894 oriuntur
596 1828 750 1893 actiones:
773 1846 812 1892 re
834 1825 964 1890 uerbis
987 1823 1142 1888 littoris
1165 1841 1253 1888 cou-

137 1967 267 2028 senau,
292 1949 467 2032 dequibus
490 1949 621 2031 singulis
643 1947 733 2014 uobis
757 1945 983 2029 dispiciendum
1005 1949 1061 2009 est.

225 2565 347 2644 Quibus
369 2563 470 2629 modis
492 2583 527 2629 re
552 2562 748 2628 contrahitur
770 2562 927 2644 obligatio.
972 2561 1095 2625 Titulus
1121 2562 1168 2624 14.

219 2721 269 2784 Re
291 2717 440 2799 obligatio
463 2716 545 2782 facto
561 2716 698 2800 quodam
714 2715 910 2781 contrahitur
926 2715 1024 2780 ueluti
1039 2712 1255 2778 numeratione

137 2843 168 2904 et
189 2859 210 2904 a
231 2857 330 2903 manu
350 2837 382 2901 iu
404 2856 532 2902 manum
547 2837 762 2915 translatione,
785 2855 849 2917 qua
863 2835 1009 2917 inspecia
1030 2839 1174 2899 mutuum
1197 2837 1253 2897 est.

136 2964 311 3024 mutuum
333 2963 439 3024 autom
460 2957 505 3037 fit,
528 2975 599 3022 cum
621 2958 648 3023 is
671 2957 725 3040 qui
743 2956 856 3039 accipit
878 2955 1021 3020 dominus
1044 2951 1171 3035 quidem
1193 2949 1256 3016 effi·
1277 2959 1331 3010 15·

137 3079 235 3157 citur,
261 3097 323 3142 non
345 3095 421 3142 uero
443 3078 476 3142 in
497 3076 623 3142 easdem
645 3095 695 3142 res
717 3076 807 3142 nobis
829 3074 865 3139 fit
886 3075 1024 3153 debitor,
1053 3073 1156 3139 setin
1178 3071 1255 3136 alias

136 3199 279 3264 eiusdem
302 3197 499 3264 substantiae
519 3201 552 3262 et
573 3196 769 3282 quantitatis.
818 3194 1110 3276 »Accipientem
1133 3191 1256 3256 domi·

135 3339 223 3384 num
254 3318 371 3384 fieri«
403 3318 474 3382 ideo
504 3317 583 3396 dixi,
611 3322 648 3381 ut
675 3317 810 3382 tutorem
839 3335 932 3382 usum
954 3318 986 3380 et
1008 3313 1200 3395 depositum:
1223 3311 1255 3374 in

135 3438 188 3504 his
206 3439 292 3504 enirn
319 3457 370 3504 res
398 3439 577 3521 accipientis
604 3457 666 3503 non
695 3436 746 3502 fit:
779 3437 915 3502 »nobis
945 3440 1073 3500 autem
1103 3432 1256 3498 debito-

136 3577 213 3623 rem
236 3557 251 3622 f
257 3559 373 3636 ieri«,
397 3563 434 3622 ut
456 3558 655 3623 donatiouem
676 3557 819 3635 ultorem,
846 3557 878 3621 in
901 3575 1035 3637 quares
1059 3552 1184 3635 quidem
1207 3570 1256 3616 ac·
1274 3559 1308 3610 20
