3164 5338
533 435 760 499 ..344-

106 621 322 703 stipulationes,
350 639 432 702 quae
460 620 492 684 in
521 619 624 685 dando
647 626 680 686 et
701 640 770 700 eas,
800 620 933 711 quaein
962 619 1103 685 faciendo
1132 636 1203 684 oon.

104 742 217 806 sistunt:
232 759 306 806 nam
320 741 351 805 in
366 741 427 806 illis
443 739 569 822 quidem
584 740 658 806 licet
672 741 742 823 quis
758 759 890 824 poenam
905 760 967 806 non
983 739 1160 823 stipuletur,
1176 738 1204 803 si

104 860 169 942 qnid
188 860 382 943 stipulatoris
405 860 544 938 intersit,
574 860 661 925 ualet
682 861 860 943 stipulati0;
887 861 919 926 in
940 861 989 926 his
1011 878 1104 937 nero,
1128 877 1205 941 quo-

101 981 171 1046 tiens
199 980 231 1044 in
260 981 394 1046 alterum
423 980 542 1062 absque
570 999 671 1063 poena
701 979 920 1060 conferuntur,
954 980 1115 1064 stipulatio
1141 997 1204 1043 non

61 1101 185 1166 nauales.
220 1101 269 1165 22.
293 1101 435 1167 Diximus
450 1101 555 1183 paullo
571 1101 716 1182 superius
731 1102 886 1168 neminem
900 1119 992 1184 posse
1007 1105 1092 1166 recte
1114 1117 1204 1166 suam
1221 1108 1238 1158 5
1370 1141 1382 1165 .

98 1239 155 1285 rem
176 1220 338 1302 stipulari,
366 1239 436 1286 cum
458 1239 509 1286 res
532 1239 612 1301 quae
635 1221 765 1286 alicuius
787 1221 830 1286 sit
851 1221 950 1302 magis
973 1220 1039 1286 eius
1061 1219 1129 1284 fieri
1152 1238 1205 1284 ne·

95 1344 191 1421 queat.
226 1340 309 1406 unde
324 1339 403 1404 illud
417 1344 466 1405 est
488 1340 673 1421 quaesitum.
706 1340 843 1406 moriens
866 1341 936 1422 quis
953 1340 1093 1404 Primum
1115 1339 1203 1404 here-

96 1458 159 1524 dem
180 1459 334 1538 instituit,
364 1459 506 1524 Stichum
527 1464 634 1524 autem
655 1477 783 1525 seruum
805 1479 897 1526 suum
919 1459 994 1524 mihi
1017 1459 1075 1524 sub
1099 1458 1204 1524 condi·

93 1579 173 1644 cione
195 1580 315 1661 legauit
346 1580 401 1646 »si
423 1581 532 1645 nauis
560 1600 603 1646 ex
625 1581 717 1646 Asia
738 1581 929 1646 uenerit«.
975 1579 1075 1644 Titius
1098 1583 1204 1644 antem

90 1699 222 1780 quidem,
244 1684 300 1782 qui
322 1699 442 1764 mihiX
465 1719 577 1766 aureos
593 1701 736 1779 debebat,
759 1699 928 1782 spopondit
941 1718 999 1782 pro
1016 1699 1122 1764 decem
1143 1699 1204 1762 illis
1226 1704 1257 1756 10

90 1819 190 1885 aureis
205 1819 290 1884 hunc
304 1819 462 1885 hominem
478 1819 619 1885 Stichum
634 1819 710 1884 mihi
725 1820 810 1898 dare,
831 1819 884 1901 qui
900 1819 959 1885 sub
974 1838 1012 1884 ea
1027 1818 1205 1884 condicione

86 1938 208 2020 legatus
234 1943 291 2020 est.
336 1939 462 2004 Mortuo
490 1942 643 2006 testatore
669 1943 703 2005 et
725 1939 862 2004 aditione
883 1939 983 2017 facta,
1006 1938 1112 2020 paullo
1134 1942 1207 2020 post

86 2058 177 2124 etiam
209 2059 308 2140 legati
337 2059 476 2125 condicio
505 2059 626 2124 euenit:
661 2059 775 2142 palam,
795 2063 845 2124 est
872 2077 923 2123 me
951 2077 989 2123 ex
1017 2062 1205 2124 testamento

84 2176 182 2243 Stichi
207 2157 370 2244 dominum
386 2198 455 2245 esse
473 2179 600 2244 factum.
644 2177 728 2245 unde
749 2198 812 2244 non
833 2197 963 2261 possum
978 2197 1071 2261 agere
1093 2197 1131 2243 ex
1152 2177 1207 2243 sti-

80 2298 194 2378 pulatu
220 2303 333 2364 contra
354 2299 471 2364 Titium
500 2299 641 2365 Stichum
671 2271 810 2381 petens'
834 2297 1098 2380 quemadmodum
1125 2297 1257 2362 enim15
1337 2344 1339 2349 s

81 2418 106 2482 si
128 2418 170 2483 ab
194 2419 290 2484 initio
312 2438 399 2485 meus
422 2417 533 2484 fuisset
552 2437 614 2484 non
637 2423 730 2496 recte,
753 2418 807 2483 ubi
830 2417 1032 2495 dictumest,
1055 2417 1087 2481 in
1110 2417 1208 2499 stipu-
1233 2419 1236 2426 ’

78 2538 236 2604 lationem
261 2538 456 2617 deducerem,
477 2539 523 2604 ita
544 2558 645 2621 neque
668 2557 739 2603 eum
755 2557 862 2604 casum
877 2556 1005 2619 possum
1024 2537 1057 2602 iu
1079 2537 1208 2618 stipula-

76 2657 198 2724 tionem
217 2659 385 2738 deducere,
398 2661 429 2724 in
442 2679 604 2742 quomens
620 2661 662 2726 sit
675 2659 812 2738 futurus,
824 2660 869 2724 uti
886 2660 918 2725 in
933 2660 1091 2742 praesenti
1106 2659 1208 2740 specie

32 2779 254 2862 ancontingit.
299 2781 349 2844 23.
374 2780 527 2857 Quoniam
556 2799 633 2846 nero
662 2780 781 2845 dictum
803 2784 852 2845 est
872 2779 1109 2862 interrogationi
1139 2798 1208 2845 esse

71 2919 276 2982 responsum
298 2900 576 2979 accomodandum,
607 2899 685 2965 illud
707 2901 803 2966 etiam
824 2904 996 2965 tractatum
1018 2904 1075 2964 est.
1120 2899 1147 2964 si
1170 2899 1208 2964 de
1225 2906 1260 2956 20

69 3020 197 3086 aliare
225 3021 415 3103 stipulator,
447 3020 485 3086 de
511 3021 573 3086 alia
599 3021 771 3103 promissor
793 3020 938 3099 senserit,
968 3017 1097 3101 perinde
1123 3019 1210 3084 nulla

69 3140 289 3206 contrahitur
310 3141 468 3222 obligatio,
493 3160 529 3207 ac
551 3141 577 3206 si
600 3142 640 3206 ad
655 3141 932 3228 interrogationem
955 3139 1127 3222 promissor
1147 3137 1208 3203 don

65 3261 300 3344 responderit:
331 3262 431 3326 ueluti
459 3261 486 3326 si
516 3281 535 3326 a
561 3266 593 3325 te
620 3261 789 3344 stipulatus
816 3259 918 3326 fuero:
949 3241 1086 3324 »dabis
1114 3258 1210 3322 mihi

65 3379 318 3458 Stichumlc,
342 3386 378 3445 tu
400 3399 477 3446 uero
500 3381 538 3445 de
553 3380 715 3461 Pamphilo
738 3380 814 3445 haee
837 3380 897 3444 dici
920 3379 1092 3462 putaueris,
1117 3397 1209 3459 quem

19 3525 54 3575 24.
64 3504 225 3570 Stichum
255 3519 372 3566 uocare
394 3500 580 3566 credideras.
626 3503 675 3564 24.
699 3500 797 3581 Turpi
826 3518 982 3564 excausa
1007 3498 1091 3563 facta
1112 3498 1210 3580 stipu·
1228 3501 1261 3552 25

61 3626 141 3690 latio
174 3622 313 3688 inutilis
336 3625 399 3698 est3
428 3621 527 3685 ueluti
554 3621 580 3685 si
610 3620 680 3702 quis
706 3619 907 3684 homicidium
935 3619 986 3683 uel
1013 3618 1211 3699 sacrilegium
