3328 5318
591 439 632 446 -—
679 405 741 467 451
790 440 834 473 -.

154 599 174 642 a
203 578 358 642 credendo
384 578 550 642 abstineat.
596 599 697 658 neque
725 584 845 642 tantum
873 583 982 642 contra
1008 578 1104 641 tilium
1133 578 1290 686 creditor⁸

153 723 217 766 non
240 709 315 784 aget
338 703 391 766 uel
418 708 527 767 contra
553 703 650 766 filiam
677 709 824 785 nepotem
851 673 1034 785 neptemue,
1063 703 1211 783 quamdiu
1234 703 1266 766 in

153 833 307 911 potestate
331 828 402 907 sint,
427 833 475 891 set
496 847 608 909 neque,
634 829 661 892 si
676 829 816 910 parentis
832 834 932 892 morte
948 828 1000 892 nel
1016 828 1265 911 emancipatione

154 953 203 1016 sui
236 952 314 1016 iuris
346 953 423 1016 facti
459 952 528 1016 sint.
580 972 682 1032 neque
718 953 870 1017 aduersus
904 939 1026 1036 patrem
1060 973 1194 1016 auumue
1227 951 1266 1016 de

155 1077 280 1159 peculio
309 1097 404 1158 agere
433 1078 503 1157 quis
531 1083 648 1159 potest,
678 1079 746 1142 sine
773 1078 890 1142 liberos
921 1078 1023 1142 adhuc
1052 1078 1084 1141 in
1111 1083 1267 1160 potestate
1304 1087 1319 1138 5

156 1202 284 1282 habeat,
310 1201 377 1266 siue
398 1221 452 1265 eos
469 1203 724 1284 emancipauerit.
767 1221 847 1282 quae
864 1202 935 1265 ideo
952 1207 1079 1266 senatus
1096 1203 1266 1285 prospexit,

155 1326 230 1406 qnia
254 1346 350 1409 saepe
374 1327 496 1390 onerati
519 1347 593 1390 aere
617 1327 721 1392 alieno
740 1325 933 1390 filiifamilias
958 1327 1092 1390 creditas
1116 1326 1266 1410 pecunias

154 1449 186 1512 in
212 1451 367 1514 luxuriam
391 1453 618 1515 consumebant
638 1457 669 1516 et
685 1473 809 1516 suornm
832 1453 1009 1535 parentium
1032 1452 1116 1515 uitae
1140 1451 1267 1515 iusidia-

119 1580 142 1631 8.
154 1575 277 1638 bantur.
324 1577 543 1641 aneson
571 1597 691 1640 summa
719 1577 906 1642 admonendi
929 1597 1049 1640 sumus:
1080 1577 1154 1641 licet
1181 1547 1267 1641 iussn

154 1699 254 1781 patris
279 1699 437 1763 dominice
461 1701 620 1782 negotium
646 1721 715 1764 cum
738 1701 944 1786 filiofamilias
963 1702 1013 1764 uel
1035 1722 1127 1765 seruo
1145 1707 1267 1783 gestum
1289 1709 1321 1760 10

155 1823 196 1886 sit
219 1830 250 1887 et
274 1823 349 1904 quid
372 1809 445 1906 inde
469 1825 623 1888 debeatur
646 1826 698 1889 uel
721 1827 753 1888 in
770 1845 877 1890 eorum
892 1846 958 1889 rem
975 1825 1050 1905 quid
1074 1845 1198 1890 uersum
1217 1827 1266 1907 sit,

156 1967 251 2030 posse
273 1967 375 2028 quem,
401 1950 524 2012 actione
546 1949 584 2012 de
606 1950 731 2032 peculio
755 1951 822 2013 siue
839 1951 877 2013 de
898 1950 930 2013 in
950 1971 1015 2013 rem
1031 1970 1122 2014 uerso
1140 1951 1266 2030 omissa,

158 2073 275 2136 directo
300 2095 320 2136 a
335 2080 424 2156 patre
442 2075 608 2138 dominone
625 2075 798 2154 condicere,
824 2075 954 2158 proinde
970 2075 1037 2138 acsi
1053 2075 1268 2158 principaliter

156 2218 227 2261 cum
250 2199 319 2280 ipso
345 2198 468 2262 domino
497 2205 627 2281 patreuc
657 2199 873 2264 contraxisset.
920 2205 967 2263 set
995 2201 1089 2262 etiam
1117 2199 1185 2280 ille,
1215 2200 1268 2279 qui

156 2323 343 2386 exercitoria
367 2325 418 2386 uel
442 2325 597 2387 institoria
621 2325 666 2388 uti
689 2331 802 2406 potest,
827 2346 847 2387 a
869 2332 958 2407 patre
975 2325 1141 2387 dominoue
1165 2330 1268 2406 potest
1289 2331 1320 2381 15

156 2448 336 2529 condicere;
361 2448 447 2512 iussu
471 2449 552 2512 enim
577 2449 644 2512 eius
661 2469 729 2512 cum
754 2469 801 2529 eo,
826 2450 879 2527 qui
894 2449 926 2512 in
942 2449 1009 2511 eius
1030 2453 1185 2530 potestate
1210 2455 1269 2523 est,

156 2573 318 2654 negotium
343 2579 390 2636 est
414 2579 616 2636 contractum.
663 2574 806 2655 superins
831 2572 912 2635 enim
937 2571 1070 2634 diximus
1095 2592 1179 2651 eum,
1216 2571 1269 2651 qui

89 2781 94 2790 Ι
156 2697 313 2778 quendam
337 2698 476 2761 terrestri
492 2698 544 2760 uel
559 2697 734 2760 maritimae
751 2697 958 2778 negotiationi
973 2695 1147 2778 praeponit,
1171 2696 1267 2760 omni-

156 2823 215 2884 bus
247 2821 408 2884 declarare
439 2821 552 2903 uideri,
584 2821 630 2884 uti
658 2841 727 2885 cum
756 2841 793 2884 co
824 2820 883 2883 iuri
910 2841 966 2884 suo
994 2820 1134 2883 subiecto
1164 2825 1194 2882 et
1222 2819 1269 2881 rei

156 2947 335 3028 praeposito
360 2966 469 3010 secure
493 2947 686 3009 contrahant.
1287 2951 1322 3002 20
