3298 5322
564 382 805 444 -393-

125 556 230 622 scieus
253 575 319 620 rem
342 555 571 620 commodatam
592 575 662 622 esse
680 557 861 638 subreptam
883 555 1071 620 commodati
1087 555 1243 620 actionem

125 682 266 764 elegerit.
290 681 318 746 si
328 700 404 746 uero
417 687 490 764 post
505 681 593 744 litem
610 686 825 762 contestatam,
844 700 878 744 re
895 687 1067 763 comperta,
1084 679 1243 744 remittere

126 806 284 871 actionem
307 805 496 870 commodati
520 812 551 870 et
575 806 616 869 ad
638 805 713 870 furti
739 805 905 889 peruenire
934 805 1083 886 uoluerit,
1113 805 1186 868 lieet
1214 803 1244 868 ei

125 932 160 995 id
182 930 288 996 facere
312 951 352 994 ex
376 930 488 995 eadem
518 929 736 994 constitutione
761 937 792 995 et
815 930 968 994 aduersus
996 930 1096 994 furem
1124 929 1242 1010 nenne,

126 1056 213 1120 nullo
238 1055 400 1120 obstaculo
425 1055 455 1120 ei
479 1055 681 1138 opponendo,
712 1055 858 1135 quoniam
881 1055 1020 1119 nondum
1049 1055 1096 1118 rei
1126 1075 1242 1136 gnarus

127 1202 198 1246 cum
222 1201 269 1260 eo,
295 1181 348 1262 qui
371 1200 437 1244 rem
460 1179 690 1244 commodatam
706 1180 839 1262 accepit,
863 1180 950 1243 litem
967 1186 1160 1245 contestatus
1181 1185 1243 1260 est3

126 1305 188 1370 nisi
214 1313 320 1369 tamen
343 1306 370 1369 is
394 1304 520 1370 domino
549 1305 738 1370 satisfecerit
762 1305 801 1369 de
824 1321 868 1368 re'
883 1307 1047 1387 subrepta,
1076 1311 1244 1384 antequam

125 1431 196 1514 ipse
220 1438 411 1512 compertum
436 1431 566 1494 haberet
590 1449 660 1493 eam
689 1449 759 1493 esse
787 1430 977 1512 subreptam.
1026 1436 1098 1492 tuno
1130 1429 1244 1492 etenim

125 1556 178 1618 fur
205 1554 330 1618 domino
359 1555 483 1620 actione
511 1555 587 1618 furti
614 1575 678 1618 uon
705 1555 875 1636 tenebitur3
905 1563 953 1618 set
978 1553 1180 1619 conueniatur
1204 1555 1244 1616 ab

126 1699 176 1760 eo,
201 1679 343 1760 quirem
366 1680 513 1743 utendam
537 1679 669 1762 accepit,
693 1680 807 1761 quique
831 1701 889 1743 sua
912 1679 1047 1764 pecunia
1067 1679 1244 1742 indemnem
1265 1685 1298 1736 10

126 1803 286 1869 dominum
310 1805 458 1869 seruauit.
495 1805 782 1868 manifestissimum
805 1805 883 1868 illud
907 1824 1031 1884 quoque
1058 1811 1115 1886 cst,
1140 1803 1166 1866 si
1190 1803 1244 1866 do-

126 1929 230 1992 minus
244 1929 393 2010 ignorans
409 1949 475 1992 rem
492 1949 562 1992 esse
580 1931 761 2012 subreptam
782 1930 938 1992 actionem
961 1928 1094 1992 instituit
1111 1948 1244 1992 commo-

127 2053 204 2134 dati,
226 2061 339 2136 postea
363 2060 466 2118 autem
490 2054 605 2118 certior
628 2053 799 2136 aliquando
823 2055 924 2119 factus
942 2053 983 2117 ad
999 2054 1074 2117 furti
1090 2054 1245 2118 actionem

126 2177 266 2259 transiit,
295 2197 358 2242 non
381 2198 475 2261 posse
500 2199 570 2243 eum
597 2200 704 2243 rursus
728 2179 769 2243 ad
800 2179 988 2243 commodati
1014 2179 1170 2242 actionem
1198 2197 1245 2256 re·

126 2303 219 2382 uerti,
243 2303 395 2367 liberatur
418 2303 500 2367 enim
524 2304 561 2384 is,
586 2304 639 2384 qui
654 2324 721 2367 rem
738 2303 968 2368 commodatam
989 2303 1122 2386 accepit,
1146 2303 1299 2366 intem-15

124 2427 212 2490 tione
236 2428 276 2490 ab
300 2427 355 2491 illo
380 2435 547 2510 concepta,
575 2428 650 2492 lieet
673 2429 755 2492 actio
779 2428 932 2492 aduersus
957 2428 1057 2492 furem
1081 2448 1144 2492 non
1167 2425 1245 2509 opti-

125 2572 211 2616 mum
234 2551 352 2616 exitum
376 2552 537 2634 sortiatu13
567 2553 641 2634 quia
669 2573 766 2636 saepe
794 2553 880 2617 fores
908 2571 971 2616 non
999 2553 1149 2617 soluendo
1174 2570 1244 2613 esse

126 2676 411 2759 deprehenduntnr.
446 2677 558 2741 cadem
583 2679 724 2760 optinent
747 2678 814 2741 siue
831 2678 862 2740 in
879 2684 1000 2760 partem
1025 2677 1092 2740 siue
1116 2677 1148 2740 in
1173 2676 1244 2738 soli-

126 2803 200 2866 dum
224 2803 271 2866 rei
286 2802 347 2866 sibi
363 2803 580 2866 commodatae
597 2803 624 2867 is
641 2803 694 2884 qui
710 2803 833 2885 accepit
849 2803 1101 2867 aestimationem
1122 2803 1245 2866 soluere

68 2928 236 3010 rupossit.
285 2931 334 2993 17.
357 2929 435 2992 Rem
459 2947 562 2992 meam
586 2927 670 3010 apud
686 2928 803 2992 Titium
820 2927 961 3010 deposui.
1001 2927 1197 3009 diligentiam
1213 2926 1245 2990 in
1265 2935 1299 2985 20

126 3071 161 3117 re
190 3051 334 3135 deposita
360 3059 524 3135 praestare
552 3073 616 3116 non
643 3052 750 3134 debet,
787 3053 903 3136 quippe
935 3053 989 3133 qui
1021 3027 1140 3116 nullum
1173 3051 1245 3115 inde

127 3177 324 3242 commodum
348 3177 517 3260 percipiat3
542 3178 636 3240 immo
653 3184 763 3242 contra
778 3177 854 3241 mihi
870 3177 996 3241 domino
1014 3197 1143 3241 oausam
1164 3196 1246 3241 oom-

127 3301 214 3364 modi
240 3303 407 3384 praebeat,
443 3302 556 3383 quiin
583 3302 697 3366 tutiore
726 3303 812 3377 loco,
845 3323 938 3382 quam
968 3303 1053 3385 apud
1082 3322 1146 3383 me,
1180 3321 1245 3365 rem

129 3428 272 3511 deposui.
304 3429 336 3492 in
357 3405 395 3493 eo
412 3449 488 3493 uero
509 3435 630 3492 tautum
651 3430 806 3494 obnoxius
830 3429 889 3492 erit
913 3428 1058 3511 depositi,
1084 3449 1153 3492 oum
1177 3428 1245 3509 ipse

130 3553 307 3636 depositam
331 3573 397 3617 rem
425 3554 498 3617 dolo
522 3555 606 3618 malo
634 3555 771 3618 laeserit.
801 3575 881 3636 ,qna
905 3554 944 3618 de
968 3575 1066 3618 causa
1090 3555 1117 3618 si
1140 3574 1192 3618 res
1216 3554 1246 3617 ei
1265 3564 1298 3616 25

130 3679 281 3762 subrepta
304 3677 411 3761 fuerit,
435 3678 510 3759 quia
532 3679 745 3744 restituendae
773 3679 840 3753 eins
869 3679 994 3744 nomine
1023 3699 1085 3744 uon
1112 3685 1245 3759 tenetur,

128 3803 264 3884 ideoque
297 3803 364 3867 eius
394 3822 458 3867 non
485 3804 608 3867 intersit
639 3824 705 3868 rem
741 3804 876 3884 seruari,
911 3803 1065 3868 aduersus
1094 3824 1165 3867 eum
1194 3804 1247 3884 qui

129 3927 285 4011 subripuit
300 3947 364 3992 uon
386 3927 517 3992 habebit
539 3928 614 3992 furti
629 3928 794 4010 actionem,
819 3936 867 3993 set
883 3948 922 3993 ea
938 3929 1064 3994 domino
1082 3935 1246 4013 competet.

69 4064 117 4115 18.
132 4053 233 4119 18.1n
256 4073 377 4117 summa
400 4053 561 4117 sciendum
583 4053 642 4118 tibi
665 4061 721 4136 est,
745 4055 920 4136 quaesitum
945 4073 1016 4118 esse
1041 4075 1080 4118 en
1103 4055 1246 4137 impubes

129 4197 196 4241 rem
235 4177 371 4241 alienam
407 4177 581 4242 amonendo
616 4179 691 4243 furti
726 4179 879 4244 obnoxius
915 4180 968 4262 sit,
1004 4180 1085 4300 quia
1114 4181 1244 4244 affectus
1265 4187 1299 4239 30

1036 4270 1069 4322 50
