3154 5338
543 403 772 466 -311-

111 589 235 665 laudere,
258 575 451 670 permittitur
473 588 680 656 oreditoribus
703 587 945 670 competentium
967 587 1211 667 magistratuum

111 710 185 772 iussu
207 708 303 786 bona,
328 727 409 790 quae
431 727 502 773 cum
524 707 690 773 usufructu
712 709 794 785 eiua,
815 707 869 788 qui
892 707 1062 788 adrogatus
1085 711 1142 786 est,
1165 706 1180 769 f
1200 741 1212 752 -

111 833 172 892 tura
190 825 332 905 fuissent,
355 828 415 892 nisi
438 847 471 893 se
494 827 709 908 adrogandum
733 827 879 904 dedisset,
905 827 938 889 in
959 844 1049 890 suam
1072 824 1213 905 redigere

110 946 326 1028 possessionem
348 951 381 1010 et
401 947 540 1028 legitimo
563 947 655 1011 modo
678 966 716 1012 ea
738 946 912 1028 disponere.

143 1559 186 1624 De
208 1578 246 1624 eo
270 1561 320 1624 cui
342 1559 497 1624 libertatis
520 1578 616 1624 causa
637 1557 720 1623 bona
742 1557 938 1624 addicuntur.
974 1559 1096 1624 Titulus
1122 1563 1169 1624 ll.

181 1713 323 1778 Accessit
343 1714 513 1778 nouissime
543 1717 691 1795 quartum
721 1732 819 1794 genus
842 1714 1047 1779 successionis
1070 1733 1127 1795 per
1148 1714 1249 1778 uni-5

108 1831 291 1910 cessitatem,
314 1833 475 1920 ueteribus
491 1833 617 1914 quidem
634 1833 785 1914 ignotum,
810 1834 1032 1899 constitutione
1051 1853 1127 1898 uero
1151 1834 1216 1898 diui

107 1951 196 2016 Marci
217 1952 442 2018 introductum.
487 1973 560 2017 nam
583 1954 609 2018 si
631 1953 672 2030 hi,
696 1953 749 2035 qui
772 1953 804 2016 in
826 1957 1015 2018 testamento
1038 1951 1216 2019 libertatem

106 2079 299 2154 aeceperunt,
330 2075 453 2138 nemine
475 2074 624 2152 adeunte,
648 2076 759 2155 petant
780 2073 839 2164 sibi
862 2074 944 2139 bona
966 2074 1069 2139 addici
1090 2075 1217 2140 liberta-

106 2190 177 2255 tium
191 2193 479 2277 conseruandarum
495 2212 599 2271 causa,
622 2194 655 2257 id
671 2200 902 2275 consequentur
921 2194 1014 2258 sicuti
1036 2196 1107 2260 uult
1128 2216 1217 2278 prae-

106 2309 215 2376 diotum
238 2313 338 2377 Marci
366 2313 406 2377 ad
427 2313 595 2396 Popillium
617 2311 733 2378 Rufum
762 2313 949 2394 rescriptum
978 2314 1008 2377 in
1038 2313 1217 2381 huiusmodi
1238 2321 1269 2370 ¹0

73 2445 89 2492 1.
104 2431 208 2511 specie.
259 2435 285 2495 1.
309 2433 468 2513 Virginius
498 2434 568 2515 quis
591 2433 707 2498 Valens
729 2437 918 2498 testamento
948 2452 1005 2498 suo
1028 2435 1143 2499 Titium
1164 2435 1217 2500 he-

105 2549 204 2616 rodem
227 2552 407 2633 scripserat,
431 2556 527 2633 atque
542 2553 607 2618 suis
629 2553 727 2617 servis
742 2552 920 2617 libertatem
941 2553 1122 2634 reliquerat,
1146 2571 1217 2618 cum

105 2668 272 2734 creditores
294 2669 434 2735 haberet.
479 2671 614 2753 scriptus
637 2671 727 2736 heres
755 2670 962 2736 hereditatem
991 2673 1078 2737 adire
1100 2673 1217 2752 noluit;

104 2793 187 2852 erant
208 2789 308 2870 igitur
330 2789 500 2854 creditores
522 2791 555 2853 in
575 2790 729 2856 bonorum
743 2791 973 2874 possessionem
988 2763 1141 2866 mittendi,
1164 2793 1218 2873 qui

104 2928 137 2974 ea
156 2913 204 2976 uti
233 2913 352 2979 uellent
381 2912 590 2995 disponerent.
636 2914 764 2995 quidam
793 2933 868 2979 uero
891 2931 1016 2992 eorum,
1046 2913 1100 2995 qui
1122 2917 1269 2978 testa-15

103 3036 203 3097 mento
226 3033 410 3104 manumissi
433 3031 572 3109 fuerant,
595 3032 719 3098 nomine
741 3033 892 3115 Popillius
914 3031 1032 3111 Rufus,
1056 3033 1115 3097 sibi
1137 3033 1219 3097 bona

103 3149 201 3216 addici
224 3152 368 3230 uolebat,
399 3156 436 3216 ut
457 3157 490 3217 et
510 3153 673 3218 libertates
700 3157 964 3218 conseruareutur
991 3171 1094 3234 neque
1121 3150 1218 3217 oredi-

103 3273 183 3336 tores
208 3271 430 3337 detrimentum
452 3277 645 3353 paterentur.
679 3271 793 3336 Aditus
816 3275 921 3336 autem
943 3272 1114 3353 imperator
1135 3270 1218 3334 Mar-

103 3405 153 3453 cus
175 3391 223 3454 ita
247 3391 366 3455 dehoc
393 3391 566 3473 rescripsit:
598 3391 642 3456 »si
664 3391 824 3472 Virginius
846 3392 962 3457 Valens
988 3392 1020 3455 in
1044 3409 1100 3456 suo
1122 3393 1218 3454 testa-

107 3515 227 3575 »mento
251 3528 360 3576 seruos
382 3512 576 3587 manumisit,
608 3511 743 3593 scriptus
767 3517 873 3576 autem
895 3510 985 3577 heres
1009 3511 1096 3576 adire
1117 3509 1219 3574 noluit
1236 3518 1270 3569 20
