3164 5338
805 422 1031 486 -347-

362 607 491 692 κληρον·
535 605 611 672 ’ἀλλ’
640 607 677 680 ἐξ
708 606 866 694 ἐπιστολῆς
900 607 1040 674 Adriansl
1074 610 1129 670 τοῦ
1162 607 1319 690 βασιλέως
1346 607 1460 688 ἀναγκά-

363 709 446 782 ζεται
469 711 484 768 ἀ
514 709 657 775 credstwr
685 709 811 774 ἕκαστον
841 709 990 796 ἐγγυητὴν
1019 707 1152 794 εὔπορον
1179 708 1286 790 ἀνταῙ)
1317 709 1350 772 έν
1378 710 1460 794 καιρῷ

363 811 606 896 προκατάρξετυς
629 814 663 875 τδ
686 813 857 894 ἀναλογοῦν
880 814 1025 878 ἀπαιτεῖν.
1072 814 1147 878 ὅδεν
1169 811 1263 889 εἴτις
1286 817 1346 876 τῶν
1369 812 1462 897 ἐγγυη-

364 917 424 975 τῶν
447 911 478 974 έν
503 913 610 999 ἐκείνιρ
633 917 678 1000 τῷ
695 914 804 1002 χρόνῳ
828 914 947 998 ἄπορος
963 913 1090 1002 εδρεδῇ,
1113 913 1258 1001 ητούτου
1275 915 1388 1000 ἀπορία
1402 913 1463 989 τοὺς

329 1015 570 1100 οσυνεγγυητάς
591 1015 730 1102 βαρύνει.
777 1018 840 1080 οἷον
862 1017 881 1078 ἓ
904 1017 982 1104 ἦσαν
1005 1017 1160 1104 ἐγγυηταὶ,
1183 1021 1207 1102 ρ
1229 1017 1463 1102 έποφειλορένιυν

366 1119 574 1202 νομισμάτων
605 1117 733 1202 εὔποροι
760 1121 816 1205 ρὲν
846 1119 934 1195 ὄντες
965 1119 1108 1200 πάντεςί)
1140 1121 1285 1206 ἐνηγοντο
1314 1121 1357 1196 εἷς
1378 1118 1466 1181 ἀνὰῐ

365 1220 580 1304 νομίσματαί)
603 1222 822 1308 ἀπορήσαντος
840 1221 876 1284 δὲ
900 1222 970 1298 ἑνδς
992 1223 1031 1295 ἐξ
1049 1222 1152 1286 αὐτῶν
1169 1224 1188 1308 η
1205 1222 1319 1305 ἀπορία
1336 1225 1398 1295 τοῖς
1417 1221 1465 1282 λει-

365 1321 537 1407 πομένοιςί)
561 1323 670 1409 ζημίαν
686 1324 874 1409 προσφέρει·
899 1325 997 1388 οάκετι
1017 1327 1077 1409 γὰρ
1100 1327 1179 1411 πρὸς
1199 1328 1216 1386 i
1238 1327 1266 1388 οί
1288 1309 1317 1403 δ,
1345 1325 1418 1408 πρὸς
1437 1325 1467 1386 ῖε

366 1425 400 1490 δὲ
424 1425 696 1511 ἀπαιτηδησοντοι.
736 1426 846 1490 οάκοῦν
869 1427 896 1492 εἰ
916 1428 996 1512 μετὰ
1018 1429 1071 1514 τὴν
1095 1429 1304 1513 προκιίταρξιν
1327 1426 1383 1490 ἕνα
1403 1427 1468 1490 ἀπο-

316 1541 347 1592 10
362 1533 455 1616 ρῆσαι
479 1528 609 1616 συνέβη,
640 1531 659 1616 η
685 1530 791 1593 τούτου
822 1529 935 1612 ἀπορία
958 1534 1005 1616 τῷ
1034 1531 1180 1618 δανειστῇ
1203 1528 1238 1592 οὐ
1259 1531 1319 1616 μὴν
1344 1532 1405 1614 τοῖς
1425 1552 1469 1592 συ-

366 1633 576 1718 νεγγυηταῖςί)
608 1633 777 1718 προσαύξει
806 1632 926 1718 ζηρίαν.
972 1633 999 1695 εί
1021 1633 1056 1695 δὲ
1084 1633 1134 1696 καί
1160 1653 1202 1705 τις
1224 1630 1301 1696 καθ’
1326 1632 1395 1708 ἑνὸς
1417 1636 1468 1692 τῶν

366 1739 580 1820 συνεγγυητῶν
597 1737 754 1822 χωρήσας
782 1737 814 1798 τὸ
837 1737 1005 1822 δλιίκληρον
1027 1735 1128 1822 λα’βη,
1159 1733 1248 1799 τοῦτο
1272 1735 1363 1798 αάτδν
1384 1735 1470 1818 μόνον

366 1836 467 1900 ἀδικεῖ
486 1839 537 1901 τὸν
553 1837 771 1921 ἀπαιτηδέντα.
804 1835 957 1920 οὔτεγὰρ
981 1838 1057 1900 κατὰ
1081 1836 1139 1900 τῶν
1163 1841 1377 1923 συνεγγυητῶν
1401 1835 1471 1922 ἔχειν

367 1943 430 2004 τινὰ
453 1940 578 2026 ἀγωγὴν
595 1943 837 2029 συγκεχώρηται,
862 1941 935 2004 οὐδὲ
950 1941 1028 2004 κατά
1044 1945 1096 2004 τοῦ
1119 1941 1323 2023 πριοτοτιίπου
1346 1940 1473 2028 ἰσχυρῶς

317 2053 348 2103 15
367 2045 491 2130 κινηαει,
515 2043 635 2128 ἀπύρου
659 2043 894 2131 ὑπάρχοντοςΰ).
931 2048 976 2106 καὶ
1002 2043 1119 2118 δίκαιός
1133 2042 1213 2108 ἐστιν
1236 2043 1253 2104 δ
1277 2039 1416 2116 τοιοῦτος
1434 2038 1475 2120 ἐγ-

366 2145 479 2230 γυητὴς
502 2144 613 2208 ἑαυτὸν
636 2145 806 2224 αι’τιάσδαι,
835 2147 927 2210 ὁπότε
956 2145 1141 2231 ἐναγόρενος
1168 2145 1302 2232 ἠδύνατο
1323 2142 1475 2230 ,δοηδηναι

366 2247 400 2310 έκ
422 2252 476 2332 τῆς
496 2247 638 2314 Adriansl
661 2249 817 2338 ἐπιστολῆς
841 2251 887 2312 καὶ
916 2255 1156 2334 παρασκευάοαι,
1185 2249 1234 2312 ἵνα
1262 2248 1301 2321 ἐξ
1324 2247 1392 2311 ἴσου
1421 2247 1476 2318 τοῖς

367 2355 584 2438 συνεγγυηταῖς
607 2351 772 2438 ἀπαιτηδῇ.
819 2355 847 2416 5.
874 2354 906 2414 θί
928 2352 1071 2440 ἐγγυηταὶ
1097 2351 1198 2427 οὕτως
1221 2349 1321 2440 ἔνοχοι
1345 2347 1476 2430 γίνεσδαι
1490 2360 1509 2410 5.

366 2451 402 2516 οὐ
426 2453 584 2532 δύνανται,
608 2455 653 2530 ὡς
676 2454 766 2518 πλέον
796 2455 909 2530 αὐτοὺς
930 2454 1102 2539 έπορείλειν
1125 2453 1205 2540 ἤπερ
1229 2451 1387 2538 έποφείλει
1409 2449 1478 2513 έκεῖ-

315 2561 349 2611 20
368 2580 428 2634 νος,
453 2557 530 2639 ὑπὲρ
554 2555 590 2619 οὗ
613 2557 771 2640 γεγόνασιν
791 2555 901 2645 ένοχοι.
932 2560 979 2619 καί
1002 2557 1062 2642 γάρ
1084 2559 1104 2643 η
1126 2561 1187 2618 τῶν
1211 2555 1370 2642 ἐγγυητῶν
1394 2551 1478 2639 ένοχη
1563 2599 1565 2604 -

367 2661 533 2726 accessiwn
556 2659 684 2740 έστλνί),
713 2659 751 2724 οὐ
773 2659 899 2723 δύναται
922 2659 958 2724 δὲ
979 2659 1012 2722 ἐν
1035 2663 1073 2746 τῇ
1095 2660 1264 2726 accessioni
1293 2658 1371 2722 εἶναι
1394 2657 1480 2720 πλέον

367 2763 446 2850 η’περ
469 2762 547 2826 ἐστὶν
570 2761 602 2826 ἐν
618 2765 657 2848 τῇ
673 2762 866 2848 πρωτοτύπῳ
890 2762 969 2848 δίκη.
1000 2763 1032 2825 έκ
1048 2763 1083 2825 δὲ
1099 2766 1152 2826 τοῦ
1168 2760 1307 2824 ἐναντίου
1330 2761 1382 2825 ἵνα
1397 2760 1481 2846 ἧττον
1562 2794 1565 2810 ÷

368 2865 594 2952 έποφλησιοσιν,
618 2865 717 2954 ἔνοχοι
739 2866 876 2950 γίνεσδαι
898 2867 1050 2930 δύνανται.
1097 2866 1147 2930 διά
1171 2869 1259 2928 τοῦτο
1282 2865 1336 2928 ἐὰν
1362 2867 1379 2927 δ
1405 2888 1482 2946 πριο·
1562 2911 1563 2914 =

368 2969 504 3047 τότύπος,
529 2969 680 3034 τουτέστιν
703 2971 720 3032 δ
744 2970 883 3048 debitum,
907 2968 980 3032 δέκα
998 2967 1138 3058 χρυσοῦς
1159 2967 1272 3032 δώσειν
1295 2966 1482 3052 δρολογήση,
1564 2975 1565 2978 ’

316 3069 350 3122 25
369 3071 490 3155 ne'vre⁸)
506 3071 592 3135 αάτοί
607 3071 740 3159 ἰσχυρῶς
760 3071 1027 3154 ε’περωτῶνται9)
1051 3075 1105 3134 τοῦ
1122 3071 1156 3134 δὲ
1173 3071 1380 3153 πρωτοτιίπου
1399 3069 1484 3133 πέντε

368 3171 636 3258 έπεροιτηδέντος,
660 3174 677 3236 δ
700 3171 852 3260 ἐγγυητὴς
875 3173 910 3236 οά
934 3173 1080 3256 καλῶςιῦ)
1103 3171 1154 3236 ἐπὶ
1178 3172 1253 3236 δέκα
1277 3170 1484 3256 παραλαρβιί-
1563 3160 1564 3199 ³

369 3297 460 3340 νεταο
490 3276 605 3360 ὁμοίως
619 3273 677 3339 έάν
692 3277 709 3339 δ
725 3277 925 3361 πρωτότυπος
939 3277 1044 3359 pfirws
1059 3276 1257 3364 έπεριοτηδῇ,
1279 3278 1296 3340 δ
1311 3276 1487 3344 δάαἰιίεεατ

369 3378 426 3442 ὑπὸ
449 3378 564 3463 αἵρεσιν
578 3377 798 3463 έπεριοτᾶσδαι
813 3379 950 3470 δύναται.
984 3378 1072 3444 ἐκδὲ
1093 3383 1145 3443 τοῦ
1160 3377 1300 3444 ἐναντίου
1324 3384 1381 3444 τοῦ
1408 3401 1488 3464 προι-

370 3481 501 3548 τοτύπου
524 3483 581 3546 ὑπὸ
613 3482 727 3568 αἵρεσιν
757 3480 1031 3568 ἐπερωτηδέντος,
1061 3481 1254 3569 δέγγοητὴς
1282 3483 1339 3544 ὑπὸ
1372 3482 1488 3565 αίρεαν

369 3671 571 3682 uun—u———uu-

437 3789 458 3854 1)
482 3786 536 3840 ἀντ.
560 3777 619 3840 έδπ.
643 3773 686 3840 Ιδ.
802 3787 825 3851 ²)
850 3788 948 3846 πάντες
974 3785 1052 3846 ὄντες
1075 3787 1107 3840 V.
1221 3789 1244 3850 3)
1266 3787 1291 3840 d.
1318 3787 1364 3842 Vi.
1391 3787 1437 3842 Fl.
1459 3785 1490 3840 R.

370 3871 393 3935 ⁴)
411 3871 513 3932 λοιποις
530 3872 573 3926 Ιδ.
677 3875 699 3940 ⁵)
718 3873 773 3940 ἐγγ.
791 3871 835 3926 Vi.
853 3871 885 3926 R.
988 3872 1011 3937 6)
1031 3872 1209 3943 τυγχάνοντος
1225 3871 1269 3926 Ιδ.
1375 3874 1399 3940 ⁵1)
1418 3890 1489 3925 τουτ.

371 3956 601 4028 παρακολούθημα
620 3957 680 4028 ἤτοι
698 3957 818 4023 ἐφόλκιον
838 3961 886 4026 τῆς
904 3956 1082 4026 πρυιτοτὺπου
1103 3959 1199 4028 ἀνοχῆς
1217 3957 1259 4010 αδ.
1277 3957 1348 4012 libri.
1371 3957 1431 4012 ed.:
1450 3973 1492 4012 ac·

372 4042 456 4096 cessio
476 4049 503 4096 et
525 4043 609 4097 deine.
629 4043 781 4098 accessione
800 4059 849 4098 scr.
868 4043 914 4097 R.:
938 4058 987 4110 ego
1005 4042 1043 4096 Μ.
1066 4058 1125 4096 sum
1148 4049 1263 4098 secutus.
1372 4047 1396 4112 8)
1417 4045 1442 4098 d.
1460 4043 1483 4094 V

371 4127 394 4198 ⁹)
412 4128 493 4189 αὐτὸς
597 4130 675 4182 τᾶται
692 4129 735 4184 1¹¹².
839 4129 1327 4198 10)052a1.0277.12⁶.vi.F.R.
