3384 5314
638 455 877 519 482-

199 628 273 692 uim
297 629 388 694 iieri
412 631 519 695 ueto'.
552 631 625 696 uide
649 632 744 714 igitur
763 621 918 712 quomodo
936 637 967 696 et
982 631 1032 695 hio
1049 630 1162 696 dixerit
1177 631 1317 714 utrubi,

164 762 187 811 8.
199 773 263 817 non
287 761 391 819 autem
415 776 530 839 penes
554 763 597 821 te.
644 759 673 824 8.
696 758 746 820 De
773 757 882 822 ordine
910 762 941 820 et
968 757 1053 820 exitu
1083 756 1318 820 interdiotorum

201 899 430 961 superuacuum
447 887 495 947 est
510 883 612 970 hodie
622 881 736 948 dicere.
772 883 804 946 in
820 882 1079 947 extraordinariis
1096 881 1177 947 enim
1194 881 1318 946 iudioiis

202 1004 322 1088 (qualia
346 1013 417 1070 sunt
441 1006 533 1070 hodie
559 1008 663 1071 omnia
679 1007 807 1088 iudieia)
824 1028 888 1072 nou
904 1013 952 1072 est
967 1027 1097 1072 neeesse
1113 1005 1203 1071 reddi
1223 1006 1317 1070 inter·

201 1129 327 1212 dietum,
352 1137 400 1195 set
423 1131 491 1196 sine
508 1131 556 1195 his
571 1132 689 1198 iudicia
708 1138 901 1215 exercentur,
925 1131 994 1196 utili
1010 1131 1133 1196 actione
1150 1150 1207 1213 pro
1227 1126 1319 1194 inter-
1356 1143 1371 1192 5

202 1254 285 1318 dieto
323 1257 456 1321 reddita.
515 1257 611 1338 igitar
649 1257 694 1320 ita
733 1257 853 1321 intendi
891 1263 1036 1340 eoeptum
1080 1262 1141 1320 est:
1181 1255 1319 1319 ‘utilem

201 1379 387 1443 actionem
417 1388 596 1462 tanquam
625 1401 668 1445 ex
692 1381 874 1445 Saluiano
903 1380 1108 1444 interdicto
1137 1379 1318 1443 aduersus

201 1509 238 1566 te
262 1503 438 1586 intendo,
463 1506 514 1570 uel
538 1505 671 1569 ‘ueluti
694 1527 739 1570 ex
762 1505 858 1569 unde
882 1505 917 1569 ui
941 1504 1159 1570 interdieto’
1185 1503 1236 1567 uel
1255 1503 1318 1566 alio

202 1627 349 1707 quolibet.

371 2323 420 2410 De
444 2342 548 2406 poena
569 2329 686 2386 temere
710 2322 908 2404 litigantium.
953 2322 1076 2387 'litoius
1103 2325 1151 2388 16.

293 2481 354 2558 Qui
377 2483 451 2547 olim
474 2483 565 2546 nobis
589 2483 658 2546 iura
677 2483 902 2546 eonstituerunt
925 2487 956 2546 et
972 2481 1156 2545 iudiciorum
1180 2479 1319 2545 ordinem
1341 2491 1374 2542 10

205 2607 443 2672 introduxerunt
476 2606 602 2672 faoilem
633 2611 664 2670 et
690 2606 889 2670 temerarium
918 2606 960 2670 ad
986 2605 1173 2688 litigandum
1202 2605 1319 2670 editum

204 2731 367 2797 reolndere
396 2731 501 2796 eonati
531 2738 611 2795 sunt.
657 2731 689 2795 id
720 2731 815 2796 etiam
845 2730 979 2814 principi
1009 2737 1115 2796 nostro
1147 2730 1234 2794 oordi
1264 2735 1319 2796 est.

205 2875 431 2938 saepenumero
455 2855 537 2919 enim
565 2855 678 2936 aliquis
707 2855 825 2919 nullum
854 2854 1009 2920 notionem
1039 2874 1160 2919 meeum
1188 2855 1319 2936 habena,

205 2999 301 3061 agere
324 2979 458 3044 instituit
480 2979 558 3042 talia
582 2997 687 3042 seeum
712 2978 868 3060 cogitans:
898 2979 935 3041 ‘si
960 2977 1084 3059 quidem
1112 2977 1207 3041 iudioi
1231 2978 1319 3040 obre-

205 3125 311 3188 poem,
340 3105 415 3168 mihi
440 3105 641 3168 aduersarius
665 3103 936 3185 condemnabitu13
966 3103 1014 3166 sin
1042 3107 1146 3166 autem
1174 3121 1237 3165 non
1266 3101 1319 3168 ad·
1339 3110 1373 3166 15
