3328 5318
852 395 1091 459 -461-

414 570 436 657 ή
462 569 580 656 παρυὸν
610 568 630 635 ὁ
659 567 815 655 δεσπότης
842 571 897 648 τής
925 567 1015 654 δίκης
1047 568 1083 633 ἐν
1109 570 1155 655 τῷ
1184 568 1377 654 δικαστηρίῳ
1405 564 1444 629 τὸ
1473 567 1531 629 τού

415 684 637 762 ρτουαείιίοεοε
667 675 835 759 ἐβεβαίωσε
862 675 1041 760 πρόσωπον
1067 673 1166 740 είπὸν
1196 670 1262 738 ότι·
1290 675 1433 738 τούτου
1460 670 1531 756 ἐγὼ

414 781 694 869 προεβοιλύμην.
751 790 811 848 τοῦ
838 781 940 846 αὐτοῦ
968 783 1166 868 κρατοῦντος
1195 778 1298 846 τύπου
1325 783 1353 844 εί
1379 781 1435 843 καὶ
1461 778 1530 843 ἐπί-

301 963 303 973 Ι
401 913 537 978 ,τροπος
559 888 579 976 ή
602 896 734 956 οωείιίωε
758 890 802 953 δι’
827 888 937 975 ἑτέρου
965 901 1059 964 κινεῖ,
1087 888 1158 953 οίον
1187 885 1242 952 διδ
1271 889 1330 950 τού
1357 885 1531 968 λεγομένου

366 1015 396 1064 „5
417 1004 541 1063 ίιυίοευε
565 995 615 1082 ήί)
639 1001 728 1084 ἕτεροι
751 994 879 1070 τούτοις
902 994 1029 1060 ἐοικότα
1052 992 1233 1081 πρόσωπα,
1262 990 1355 1057 ὁίτινυι
1383 990 1442 1079 τήν
1469 994 1532 1056 τῶν

417 1101 597 1191 ἀλλοτρίων
619 1103 820 1187 πραγμάτων
843 1100 1069 1186 οἷνεδέξαντοί)
1087 1101 1252 1186 διοίκησιν.
1287 1097 1393 1165 πολλὰ
1412 1099 1448 1162 δὲ
1463 1098 1531 1183 εωη

416 1217 661 1294 μῐουαιοίὸῐωυ,
682 1208 723 1284 ὁς
739 1208 838 1288 ἐγνως
853 1211 909 1272 καί
931 1207 1073 1297 μαθήση.
1107 1210 1209 1272 ταῦτα
1226 1208 1285 1290 μὲν
1300 1208 1446 1291 περὶτοῦ
1461 1205 1531 1270 ἐνοί-

417 1341 543 1397 γοντος.
590 1323 620 1383 4.
645 1319 686 1381 Εί
709 1317 748 1380 δέ
773 1340 821 1391 τις
849 1313 1012 1400 ἐνοίγεται,
1039 1317 1067 1379 εί
1093 1315 1153 1397 μὲν
1174 1311 1288 1401 παρεόν
1314 1313 1440 1398 ἐτοιμὸς
1468 1313 1561 1377 ἐστιί.

417 1422 662 1510 προβάλλεσθαι
684 1429 901 1507 procuratorem,
926 1421 1064 1486 δύναται
1072 1423 1096 1508 ³)
1112 1420 1134 1507 ή
1149 1420 1248 1496 αὐτὸς
1262 1423 1307 1496 είς
1322 1419 1361 1486 τὸ
1383 1420 1532 1504 δικαστή-

353 1544 399 1596 ί10
417 1553 488 1618 ριου
511 1534 753 1617 παραγενέσθαι
776 1511 832 1593 καί
850 1531 908 1594 τού
925 1531 1043 1593 οἰκείου
1057 1535 1279 1614 ρεοουῐίιίοεοε
1299 1525 1337 1593 τό
1354 1527 1533 1611 πρόσωπον

417 1639 589 1719 βεβαιῶσαι
611 1634 669 1711 τοὶς
693 1637 727 1712 ἐξ
742 1635 841 1710 ἐθοος
865 1634 1071 1721 ἐπερωτήσας
1094 1634 1337 1721 ἐπερωτώμενος
1360 1632 1416 1720 της
1441 1635 1533 1697 ›iudi-

418 1752 521 1809 σείου]
544 1745 654 1825 solui«,
684 1743 722 1818 ὁὶς
746 1740 777 1806 οἱ
804 1740 925 1827 ταύτην
951 1747 1146 1826 παρέχοντες
1173 1739 1326 1806 εἰώθασιν
1353 1741 1533 1824 ὁμολογεῖν.

419 1849 518 1926 ἐξεστι
541 1850 578 1914 δὲ
600 1851 654 1937 τῷ
669 1849 808 1938 δεσπότῃ
831 1851 885 1912 καί
908 1847 997 1923 ἐκτὸς
1021 1830 1227 1934 δικαστηρίου
1249 1845 1435 1933 ἐγγυητικὴν
1458 1845 1533 1930 ὁμο-

419 1959 530 2041 λογίαν
562 1957 762 2040 ἐκθέσθαιί),
791 1956 826 2019 ἐν
853 1952 871 2039 ή
900 1957 959 2020 τού
987 1956 1104 2020 οἰκείου
1131 1962 1352 2039 ρεουιωίιίοευε
1381 1953 1535 2039 ἐγγυητής

356 2078 399 2128 »ῑ1ό
419 2065 538 2141 γίνεται
560 2061 669 2127 πάντα
692 2061 733 2126 τὰ
756 2064 813 2148 τῆς
838 2063 1022 2127 »iudicatum
1046 2063 1140 2127 solui«
1168 2061 1327 2147 κεφάλαια
1355 2060 1534 2144 ὁμολογῶν,

419 2173 583 2234 τουτέστιν
606 2167 658 2234 ὅτι
680 2169 698 2234 ὁ
722 2176 915 2254 ρευουείιίωε
937 2167 1038 2234 αύτοῦ
1065 2181 1245 2255 παραμενεῖ
1270 2177 1314 2254 τῷ
1342 2168 1534 2254 δικαστηρίῳ

419 2278 471 2340 καὶ
494 2270 686 2361 δικόσεταιὸ)
715 2276 807 2361 μέχρι
833 2277 943 2350 τέλους
966 2277 1019 2339 καί
1046 2277 1221 2357 καταβαλεῖ
1244 2273 1284 2339 τό
1313 2275 1534 2361 κριθησόμενα

419 2383 659 2467 ὁποτιθέμενος
691 2383 802 2467 μέντοι
829 2383 885 2446 ἐπί
914 2381 951 2472 τῇ
979 2381 1111 2470 τοιαύτη
1139 2381 1297 2466 ὁμολογίᾳ
1325 2379 1385 2466 τήν
1414 2385 1534 2446 οἰκείαν

419 2493 623 2577 περιουσίαν,
646 2489 707 2554 εἴτε
730 2489 765 2554 έν
789 2490 983 2576 δικαστηρίῳ
1006 2486 1158 2574 ταύτηνθ)
1183 2488 1330 2576 ἐκθήται,
1357 2492 1421 2552 εἴτε
1444 2487 1534 2564 ἐκτός

352 2609 401 2659 ··20
420 2597 633 2684 δικαστηρίου,
658 2595 733 2671 ὥςτε
755 2598 839 2680 καὶί)
857 2593 960 2660 αύτὸν
974 2597 1029 2659 καὶ
1046 2594 1265 2681 κληρονόμους
1285 2593 1387 2660 αὐτοῦ
1403 2595 1534 2676 ἐνόχους

420 2703 573 2770 ἐντεῦθεν
599 2705 757 2788 γίνεσθαι.
807 2701 915 2786 ἐτέρας
944 2702 1096 2787 δηλονότι
1122 2701 1296 2786 ὁμολογίας
1322 2699 1395 2788 ἤτοι
1423 2701 1535 2787 ἐγγύης

348 2807 350 2814 ⁴
420 2810 653 2895 ἐκτιθεμένηςῧ)
669 2808 755 2894 ύπέρ
769 2811 829 2874 τού
845 2808 1026 2893 προσώπου
1041 2808 1143 2872 αὐτοῦ
1158 2808 1218 2873 ταῦ
1236 2809 1433 2892 ἐναγομένου
1450 2812 1536 2895 (περὶ

421 2915 482 3004 γὰρ
506 2917 622 2980 ἑαυτοῦ
644 2915 666 3001 ἦ
689 2915 826 2980 δίδωσιν
849 2912 999 3001 ἐγγυητήν
1021 2913 1043 3000 ἤ
1071 2914 1248 2999 ὁμολογίαν
1267 2915 1433 2980 ἐκτίθεται
1455 2914 1535 2980 κατὰ

420 3021 461 3088 τοί
484 3021 549 3110 πρό
573 3021 749 3110 βραχέωςδ)
772 3025 944 3108 εἰρημένα),
966 3020 1227 3108 α’σφαλιζὸμενος
1250 3021 1300 3086 ὁτι
1316 3023 1352 3087 ἐν
1371 3032 1418 3110 τῷ
1437 3019 1538 3110 καιρῷ

368 3141 401 3192 25
420 3132 477 3215 τῆς
492 3127 689 3216 α’ποφοίσεως
704 3128 908 3215 εὑρεθήσεται
927 3128 962 3193 ἐν
976 3131 1021 3213 τῷ
1038 3129 1240 3216 δικαστηρίῳ.
1279 3132 1306 3193 εί
1322 3129 1359 3192 δὲ
1374 3127 1418 3214 μὴ
1435 3153 1535 3214 παρα-

422 3239 563 3322 γένηται,
585 3236 693 3300 πάντα
716 3235 847 3323 παρέξει
870 3233 968 3310 αύτὸς
990 3231 1064 3320 ἤτοι
1080 3235 1101 3299 ὁ
1120 3233 1238 3300 τούτου
1261 3233 1413 3321 ἐγγυητής
1437 3235 1478 3300 τοὶ
1501 3238 1537 3324 τῇ

422 3341 588 3430 α’ποφάσει
618 3340 841 3427 περιεχόμενα,
873 3345 901 3406 εί
927 3340 970 3427 μὴ
999 3339 1063 3427 ἄρα
1091 3341 1151 3427 τήν
1184 3340 1354 3428 α’πόφασιν
1388 3340 1538 3428 ἐκκλητος

421 3448 597 3537 ήκύρωσεν.
644 3454 672 3516 5.
696 3451 737 3513 Εί
760 3448 797 3513 δὲ
821 3451 922 3537 συμβῇ
946 3446 1048 3512 αύτὸν
1070 3446 1128 3514 τὸν
1150 3448 1368 3534 πρωτότυπον
1393 3455 1473 3514 τίοι]
1495 3445 1568 3534 μὴὸ.

423 3569 574 3643 παρεῖναι
597 3556 640 3620 δι’
666 3553 859 3641 οἱανδήποτε
883 3559 1005 3632 αίτίυιν,
1028 3560 1133 3641 ἕτερος
1157 3554 1195 3619 δέ
1216 3580 1265 3630 τις
1287 3553 1368 3619 ἑκών
1390 3553 1538 3642 ύποβοίλη

357 3673 407 3724 :30
426 3661 542 3727 ἑαυτὸν
553 3665 590 3752 τῇ
601 3661 683 3749 ὁπέρ
696 3670 755 3725 τοῦ
766 3659 909 3735 εἰπόντος
920 3663 1095 3727 defensioni
1106 3660 1260 3744 ούδεμίοις
1270 3658 1367 3747 οὔσης
1378 3661 1538 3747 διαφορᾶς

513 3894 598 3961 1)καί
618 3893 662 3947 Vi.
681 3894 714 3946 R.
823 3892 844 3960 2)
865 3893 933 3958 ἕδέξ.
953 3893 997 3946 Vi.
1016 3893 1050 3946 R.
1145 3892 1167 3957 ³)
1186 3895 1265 3946 τούτο
1285 3891 1411 3960 δηλονότι
1431 3895 1538 3959 ποιησαι

423 3982 467 4036 Lfl.
485 3981 530 4035 Vi.
548 3982 582 4036 R.
720 3981 743 4050 4)
761 3981 796 4036 M.
814 3981 871 4035 L⁰.:
892 3986 943 4036 cet.
964 3985 1137 4037 -ιίθεσθαι,
1275 3981 1296 4048 5)
1315 3987 1425 4046 -ζεται
1444 3980 1478 4034 Μ.
1496 3981 1539 4032 Ll.

423 4071 466 4124 12².
485 4071 530 4124 vi.
691 4071 712 4138 ⁶)
732 4071 806 4126 ταῦτ’
826 4071 870 4124 Vi.
889 4071 922 4124 R.
1079 4072 1100 4138 7)
1120 4074 1144 4126 δ.
1163 4071 1206 4124 L⁶.
1362 4069 1385 4130 Β)
1405 4093 1488 4130 -οος
1505 4069 1537 4121 Μ.

424 4158 446 4226 ⁹)
466 4157 513 4227 ἤδη
532 4161 582 4213 ins.
602 4159 644 4213 Lfl.
