3298 5322
542 391 783 456 -389-

123 579 187 632 tuas
207 565 348 688 fugpuit,
365 573 400 632 ut
423 584 478 630 eas
502 565 583 630 alius
607 564 775 648 exciperet.
820 564 853 628 in
878 563 927 630 his
955 563 1039 628 enim
1067 562 1219 646 exemplis

123 709 179 755 non
200 637 403 756 diffidant
424 689 474 754 hic
498 709 549 754 res
572 695 643 754 tuas
666 695 698 754 et
720 695 827 754 tamen
849 688 925 752 furti
947 688 1072 754 actione
1088 693 1220 768 tenetur,

122 815 147 879 si
166 815 252 879 modo
275 814 320 894 (id
343 813 426 878 enim
450 813 643 879 extrinsecus
673 813 769 898 scias)
796 813 931 877 amissas
959 831 1010 876 res
1037 818 1109 876 tuas
1139 811 1221 875 alius

122 938 360 1004 contrectauerit.
411 938 478 1002 sine
514 938 596 1002 enim
631 937 875 1002 contrectatione
913 955 1073 1016 nunquam
1105 935 1221 1000 furtum

121 1063 320 1128 committitur.
365 1061 399 1127 id
422 1069 527 1128 autem
550 1063 589 1128 de
614 1081 651 1127 eo
674 1067 798 1126 ueteres
822 1061 1022 1144 scripserunt,
1046 1060 1100 1140 qui
1115 1079 1220 1144 panno
1258 1073 1274 1126 5

119 1189 204 1252 rubro
227 1193 401 1252 armentum
423 1187 555 1270 fugauit.
590 1187 618 1252 si
640 1206 716 1252 uero
740 1207 797 1270 per
819 1185 984 1250 lasciuiam
1007 1191 1038 1250 et
1060 1204 1122 1250 non
1146 1183 1222 1249 data

120 1331 221 1394 opera,
244 1318 280 1376 ut
306 1311 423 1376 furtum
447 1310 675 1393 admitteretur,
701 1311 819 1376 factum
847 1316 908 1390 est,
937 1309 970 1374 in
996 1309 1115 1374 factum
1139 1309 1220 1373 actio

119 1436 203 1500 datur
223 1436 256 1502 iu
280 1455 360 1517 eum,
385 1435 439 1517 qui
462 1435 628 1518 fugauerit,
652 1436 685 1500 in
700 1455 770 1500 eum
788 1454 863 1500 uoro
888 1433 942 1514 qui
956 1433 1124 1500 abduxerit
1145 1433 1221 1498 furti

118 1561 201 1625 actio.
246 1565 280 1624 at
302 1560 357 1624 ubi
378 1559 496 1624 Maeuii
524 1579 584 1643 ope
607 1559 708 1623 Titius
736 1559 853 1622 furtum
879 1557 1007 1639 fecerit,
1030 1558 1123 1621 ambo
1145 1557 1221 1621 furti

117 1691 261 1749 tenentur.
307 1684 391 1778 illius
415 1704 540 1766 quoque
564 1703 624 1766 ope
648 1683 778 1748 consilio
805 1683 921 1746 furtum
950 1681 1138 1764 admittitur,
1167 1681 1221 1763 qui
1240 1693 1275 1746 10

118 1811 212 1873 scalas
240 1809 387 1874 fenestris
420 1808 584 1892 supposuit
618 1815 672 1872 aut
698 1807 854 1872 fenestras
886 1807 972 1889 ipsas
1006 1805 1059 1870 uel
1092 1806 1220 1870 ianuam

117 1932 240 2015 effregit,
266 1940 300 1998 ut
323 1933 407 1998 adius
426 1933 597 2014 furaretur,
625 1933 741 2014 quique
764 1932 955 1996 ferramenta
978 1929 1019 1994 ad
1042 1950 1145 1994 seram
1168 1929 1220 1994 uel

117 2057 266 2122 fenestras
300 2056 513 2139 effringendas
547 2057 600 2122 uel
627 2057 731 2121 scalas
765 2055 976 2120 commodauit
1009 2061 1043 2118 ut
1074 2053 1220 2120 fenestris

117 2187 373 2264 supponerentur,
402 2181 505 2246 sciens
533 2180 623 2244 cuius
651 2180 754 2262 gratia
781 2179 1034 2246 commodauerit.
1080 2183 1165 2244 certe
1193 2178 1219 2243 si

117 2305 179 2384 quis
202 2305 321 2368 nullam
346 2324 473 2387 operam
490 2304 531 2368 ad
546 2303 662 2368 furtum
677 2303 855 2368 faciendum
867 2303 1009 2367 adhibuit
1032 2307 1080 2366 set
1098 2308 1219 2366 tantum
1240 2315 1272 2366 15

116 2429 273 2493 consilium
298 2429 383 2493 dedit
410 2434 442 2493 et
469 2429 625 2493 uolentem
654 2428 694 2491 ad
725 2428 841 2492 furtum
872 2426 1051 2491 faciendum
1078 2427 1219 2491 hortatus

74 2558 158 2616 taest
180 2573 243 2617 non
267 2559 390 2617 tenetur
412 2552 494 2616 furti.
544 2555 592 2618 12.
616 2551 650 2615 Si
674 2572 783 2616 seruus
806 2571 894 2614 meus
918 2557 972 2614 aut
993 2549 1085 2631 filius,
1111 2549 1219 2630 quiin

114 2697 179 2742 mea
201 2683 359 2762 potestate
384 2683 445 2758 est,
475 2696 540 2740 rem
568 2677 643 2740 mihi
671 2675 840 2759 subripiat,
869 2675 984 2738 furtum
1012 2673 1137 2754 quidem
1166 2673 1218 2738 ad-

113 2801 239 2866 mittitur
263 2807 294 2866 et
315 2801 432 2866 furtiua
455 2821 505 2865 res
530 2801 663 2866 efficitur
685 2820 786 2882 neque
810 2801 851 2864 ab
875 2799 939 2862 ullo
956 2804 1060 2882 potest
1077 2798 1218 2882 usucapi,

113 2931 276 3007 autequam
300 2926 332 2990 in
355 2933 543 3008 potestatem
566 2925 683 2990 domini
705 2930 891 2999 reuertatur,
915 2924 997 2988 actio
1016 2929 1121 2988 autem
1144 2921 1218 2986 furti
1237 2933 1272 2984 20

112 3049 227 3132 ineos,
252 3051 306 3131 qui
328 3051 559 3133 subripuerunt,
583 3069 646 3114 non
669 3049 831 3132 competit,
856 3048 1004 3129 quoniam
1027 3066 1129 3128 neque
1153 3046 1218 3109 ulla

112 3173 171 3238 alia
194 3175 278 3238 actio
307 3195 347 3238 ex
375 3181 538 3238 contractu
565 3180 620 3238 aut
647 3193 687 3238 ex
715 3173 828 3238 delicto
856 3173 1018 3237 intereos
1046 3171 1217 3236 consistere

112 3305 218 3378 potest.
265 3299 292 3362 si
315 3318 390 3362 uero
414 3298 544 3362 alterius
568 3317 627 3381 ope
650 3297 781 3362 consilio
797 3297 912 3360 furtum
935 3297 977 3360 ab
999 3295 1058 3377 his,
1082 3296 1135 3376 qui
1158 3295 1218 3359 iuri

110 3430 212 3487 nostro
238 3422 369 3488 subiecti
393 3422 468 3503 sint,
497 3422 588 3486 nobis
610 3422 678 3503 frat,
705 3429 790 3486 recte
818 3421 872 3484 ille
895 3420 969 3484 furti
995 3420 1118 3484 actione
1146 3439 1217 3484 con·

111 3547 266 3627 uenietur,
295 3547 383 3610 cuius
408 3565 467 3629 ope
491 3546 524 3610 id
546 3547 663 3610 factum
687 3552 749 3626 est,
779 3545 921 3626 quamuis
945 3545 999 3625 qui
1026 3545 1146 3608 furatus
1169 3549 1218 3608 est
1236 3555 1269 3606 25
