3164 5338
494 414 736 478 -362-

80 587 214 652 uentionis
239 587 424 651 beneficium
460 595 600 671 apparet.
650 609 723 653 nam
759 589 795 671 si,
827 609 896 654 oum
926 596 1057 671 uterque
1087 591 1175 656 mille
1216 591 1219 598 ’

80 731 173 775 aureos
196 711 388 794 contulisset,
411 718 539 795 pactum
563 712 647 793 quod
665 713 798 778 diximus
815 721 963 794 sequattu
979 721 1010 779 θῖ
1027 715 1173 779 damnum

77 836 132 900 fieri
152 836 308 918 contingat
330 837 363 900 in
387 837 600 919 negotiatione
625 858 790 902 aureorum
808 837 868 920 CO,
893 839 970 902 nihil
985 859 1061 904 uero
1084 840 1173 920 lucri,

76 962 162 1024 soluta
194 961 361 1043 societate,
397 963 478 1026 alter
513 955 639 1042 quidem
674 982 752 1043 quos
782 963 912 1026 contulit
941 963 1026 1028 mille
1060 985 1173 1029 aureos

50 1093 67 1142 3.
75 1086 196 1168 recipiet,
223 1087 303 1150 alter
318 1106 394 1151 uero
410 1085 529 1150 Doce.
568 1090 596 1153 3.
613 1087 695 1150 Illud
717 1087 897 1170 expeditum
922 1095 978 1170 est,
1004 1089 1031 1153 si
1054 1089 1087 1153 in
1109 1110 1174 1154 una
1210 1097 1226 1149 5

75 1229 155 1273 causa
175 1231 251 1293 pars
270 1215 390 1275 tantum
406 1211 501 1275 luerit
517 1231 678 1294 expressa,
702 1212 735 1275 in
759 1212 860 1276 altera
882 1232 958 1277 uero
982 1233 1044 1277 non
1067 1214 1170 1296 fuerit,

73 1335 198 1415 regulam
219 1334 287 1399 fieri
304 1336 388 1416 quod
405 1356 587 1419 expressum
604 1343 652 1400 θεῖ
668 1337 735 1400 cius
749 1336 833 1418 quod
843 1343 892 1402 est
907 1339 1171 1420 praetermissum.

71 1463 98 1520 ut
117 1478 183 1523 ecce
207 1460 295 1523 iacta
319 1466 367 1524 θεῖ
390 1461 569 1524 conuentio:
593 1465 628 1524 ut
648 1461 675 1525 si
698 1462 777 1525 lucri
800 1462 876 1542 quid
892 1463 1066 1544 contigerit,
1091 1463 1173 1528 alter

71 1581 135 1646 duas
160 1591 268 1666 partes
297 1585 378 1649 alter
405 1585 531 1649 tertiam
560 1586 732 1668 acciperet:
768 1586 807 1650 de
843 1587 956 1650 damno
990 1607 1066 1651 uero
1094 1588 1171 1651 nihil

69 1726 236 1789 cupressum
261 1715 321 1790 cst,
352 1715 407 1772 aut
437 1709 532 1773 etiam
563 1716 687 1791 contra;
716 1709 848 1793 perinde
874 1712 1061 1775 tractabitur
1088 1713 1170 1793 quod
1190 1718 1225 1769 10

42 1835 60 1886 l.
67 1833 307 1912 praetermissum
324 1841 372 1897 est
385 1839 479 1914 atque
496 1834 528 1897 id
545 1834 628 1915 quod
641 1839 689 1897 est
705 1853 896 1917 expressum.
932 1841 961 1900 4.
975 1835 1118 1900 Societas
1131 1857 1169 1900 ec

66 1975 150 2035 usque
165 1963 283 2038 manet,
306 1958 406 2022 donec
422 1959 455 2022 in
468 1958 579 2022 eodem
596 1978 751 2022 consensu
762 1965 870 2041 partes
882 1960 1167 2041 perseuerauerint:

65 2085 90 2142 θῖ
108 2080 175 2146 ideo
200 2103 272 2147 cum
291 2083 411 2172 ,aliquis
436 2083 592 2146 sociorum
615 2083 851 2164 renuntiauerit,
876 2083 1009 2148 soluitur
1025 2084 1168 2148 societas.

65 2210 104 2267 εθῖ
123 2206 217 2288 plane
242 2207 270 2270 si
294 2206 364 2286 quis
388 2207 505 2270 callida
520 2213 623 2270 mente
648 2207 680 2270 in
695 2207 755 2270 hoc
772 2207 917 2271 societati
932 2208 1167 2292 renuntiauerit‚

62 2337 89 2392 ut
109 2331 280 2395 obueniens
305 2331 434 2411 aliquod
462 2332 584 2394 luorum
611 2331 698 2395 solus
727 2331 922 2412 adquireret,
951 2331 984 2394 id
1007 2353 1168 2397 commune
1189 2339 1222 2390 15

60 2451 111 2517 fiet.
146 2455 173 2518 si
195 2475 274 2519 uero
298 2455 418 2519 lucrum
443 2456 650 2519 obuenturum
673 2454 823 2536 ignorans
848 2455 916 2535 quis
932 2457 1167 2538 renuntiauerit,

60 2577 133 2642 solus
156 2579 226 2662 ipse
257 2553 422 2644 lucrifacit.
468 2584 502 2643 ut
532 2599 606 2644 ecce
634 2579 756 2642 Primus
785 2585 816 2643 θῖ
844 2578 1006 2643 Secundus
1033 2585 1168 2643 totorum

58 2701 201 2767 honomm
213 2705 351 2768 inierant
368 2704 564 2785 societatem
589 2711 728 2768 mortuus
745 2711 793 2767 θεῖ
803 2704 914 2785 Titius,
931 2703 1035 2767 Primo
1052 2702 1168 2768 herede
1241 2780 1246 2786 η

56 2824 199 2910 instituto,
224 2828 365 2909 itemque
389 2828 456 2893 Seii
478 2829 564 2893 bona
588 2828 629 2892 ad
646 2829 779 2892 eundem
801 2828 939 2892 Primum
959 2827 1065 2891 delata
1088 2833 1167 2894 sunt.

57 2951 178 3017 ueniens
214 2954 285 3034 quis
317 2954 483 3018 certiorem
517 2954 594 3018 fecit
624 2953 762 3016 Primum
795 2952 833 3016 de
867 2952 943 3015 Titii
976 2951 1166 3033 hereditate;
1186 2956 1221 3006 20

55 3077 212 3142 nesciebat
236 3085 342 3142 autem
365 3078 488 3142 Primus
513 3077 579 3141 Seii
601 3077 809 3141 hereditatem
837 3076 898 3140 sibi
926 3096 996 3140 θεεθ
1021 3075 1166 3140 delatam.

54 3218 113 3264 cum
141 3203 242 3284 igitur
270 3209 399 3286 cuperet
421 3203 543 3266 Primus
572 3202 657 3266 solus
686 3201 762 3264 Titii
785 3201 992 3265 hereditatem
1015 3200 1165 3282 nancisci,

52 3327 141 3405 probe
165 3327 288 3409 sciens,
318 3328 421 3391 soluta
452 3327 617 3408 societate,
645 3345 711 3390 rem
740 3326 837 3390 solius
866 3325 1060 3407 adquirentis
1095 3343 1166 3388 θεεθ
