3370 5350
612 389 845 454 -263-

171 574 216 640 las
238 575 390 640 bonorum
412 550 616 658 possessione,
638 593 734 656 quam
755 583 884 660 praetor
905 585 1015 644 contra
1029 578 1290 664 tabulas-patemi

53 767 55 792 Γ
171 696 348 760 testamenti
370 695 479 762 liberis
501 695 666 777 pollicetur
687 699 741 776 qui
764 716 865 778 neque
888 697 1019 764 heredes
1042 697 1166 778 scripti,
1189 715 1290 779 neqm

166 814 233 878 inre
256 814 436 880 exheredati
451 805 542 893 suut,
566 815 624 880 lucc
646 823 695 881 est
716 817 907 880 nominatim.
956 835 1027 882 nam
1056 835 1124 897 eos,
1155 835 1234 898 quos
1255 817 1288 882 in

66 975 68 982 -
168 931 305 999 defuncti
327 933 449 999 inuenit
471 939 627 1018 potestate
650 942 682 1000 et
703 937 863 1001 naturales
892 934 990 1015 filios,
1019 937 1073 1016 qui
1101 936 1290 1018 emancipati

163 1051 293 1132 luerint,
317 1055 343 1118 si
367 1055 528 1136 praeteriti
551 1055 614 1120 sint
636 1074 673 1121 ea
695 1063 804 1121 contra
832 1057 957 1122 tabulas
986 1057 1138 1121 bonorum
1168 1074 1289 1137 posses·
1325 1055 1342 1106 5

167 1171 252 1238 sione
286 1175 424 1238 instruit.
477 1175 516 1240 iis
543 1195 618 1241 uero
655 1177 707 1257 qui
736 1177 767 1240 in
796 1175 945 1258 adoptiua
974 1173 1091 1240 familia
1119 1177 1290 1242 manserint

52 1273 53 1284 ¹
166 1301 306 1374 tempore
327 1312 390 1376 quo
413 1295 565 1360 naturalis
586 1302 678 1377 pater
700 1296 879 1370 decesserit,
902 1304 1011 1362 contra
1033 1295 1156 1360 tabulas
1171 1314 1290 1378 posses·

166 1415 283 1479 sionem
307 1431 367 1478 non
391 1415 455 1478 dat
499 1415 526 1479 si
548 1415 732 1494 adoptiuum
761 1413 858 1480 filium
910 1434 1013 1480 meum
1042 1417 1288 1497 emancipauero,

167 1553 225 1600 non
249 1534 352 1598 solum
374 1533 451 1598 mihi
474 1535 514 1599 ab
536 1535 684 1598 intestato
706 1552 766 1598 non
790 1533 937 1612 succedit,
960 1543 1009 1599 set
1029 1553 1086 1599 uec
1101 1537 1288 1614 praeteritus

165 1653 196 1716 in
217 1671 289 1717 meo
313 1660 516 1728 testamento,
540 1661 649 1719 contra
671 1654 795 1718 mbulas
825 1655 1051 1735 possessionem
1080 1653 1191 1736 capiet.
1237 1655 1288 1721 de·
1308 1668 1340 1718 10

119 1771 220 1837 desiit
246 1774 330 1837 enim
359 1772 436 1838 meis
466 1773 572 1838 liberis
606 1771 833 1838 connumerari.
886 1772 936 1836 13.
974 1771 1153 1839 Meminisse
1182 1782 1288 1840 autem

164 1893 288 1958 iuuabit
309 1893 484 1958 naturalem
504 1893 635 1958 liberum
659 1912 761 1958 meum
784 1893 838 1976 qui
853 1901 952 1957 semet
971 1893 1003 1957 in
1020 1894 1219 1974 adoptionem
1235 1895 1289 1959 det

164 2013 278 2096 quique
301 2012 335 2078 iu
357 2011 507 2092 adoptiua
529 2011 645 2076 familia
667 2022 792 2077 maneat
814 2021 947 2092 postque
975 2012 1094 2078 obitum
1122 2032 1225 2080 meum
1247 2016 1287 2080 ab

163 2135 312 2216 adoptiuo
334 2141 424 2216 patre
446 2135 674 2215 emancipetur,
705 2132 849 2215 quamuis
878 2135 918 2197 ad
948 2133 1008 2197 mei
1037 2133 1190 2198 naturalis
1220 2134 1288 2200 eius

162 2255 261 2336 petris
298 2255 379 2318 bona
410 2254 517 2319 domui
543 2261 679 2335 nequeat
709 2271 765 2334 per
799 2253 927 2317 »unde
961 2253 1106 2318 libaria
1135 2254 1287 2318 bonorum
1308 2270 1339 2322 1⁶

163 2374 411 2453 possessionem,
433 2371 495 2437 allo
518 2345 621 2437 amen
650 2372 751 2454 gradu
782 2372 903 2449 uocari,
934 2390 996 2454 quo
1023 2391 1135 2454 nempe
1163 2371 1288 2453 cognati

163 2493 201 2558 ad
223 2491 366 2559 defuncti
389 2492 615 2558 successionem
638 2498 800 2558 uocantur.
844 2509 926 2571 quae
948 2498 1014 2556 tum
1037 2493 1082 2556 ita
1104 2509 1138 2556 se
1160 2491 1286 2571 habeut,
1340 2572 1342 2580 .

49 2675 51 2704 ‚
163 2629 230 2678 cum
254 2629 359 2694 neque
381 2630 454 2678 suos
477 2612 608 2678 heredes
630 2631 731 2696 neque
753 2615 963 2692 emancipatos
979 2609 1164 2690 relinquam,
1188 2630 1288 2694 neque

163 2732 320 2814 adgnetus
342 2732 467 2813 quidem
489 2731 572 2798 ullus
595 2731 671 2798 milri
694 2734 840 2813 supersit.
891 2731 924 2796 hi
953 2750 1028 2796 nero
1057 2731 1286 2812 praeferuntur.

161 2853 233 2917 aute
267 2851 353 2918 euim
385 2858 512 2933 praetor
541 2850 659 2917 liberos
692 2858 786 2917 uocat
823 2859 887 2915 tam
920 2869 995 2916 suos
1026 2851 1158 2934 heredes
1190 2867 1285 2930 quam
1303 2857 1338 2909 ao

162 2971 392 3053 emancipatos3
414 2971 462 3036 his
484 2989 546 3036 uon
568 2960 764 3050 extantibus,
792 2972 962 3052 adgnatos:
990 2971 1134 3051 adgnatis
1156 2987 1218 3033 nou
1240 2969 1286 3032 in·
1337 3047 1341 3057 Ι

161 3091 429 3167 teruenientibus,
457 3091 581 3173 cognati
609 3091 821 3170 docebuntur,
848 3089 1021 3172 inquibus
1048 3089 1137 3154 liberi
1166 3089 1225 3152 mei
1254 3087 1313 3152 iu'

117 3197 316 3292 rsadoptiua
348 3208 466 3276 familia
495 3210 628 3292 primum
661 3210 805 3292 optinent
836 3211 947 3275 locum.
1005 3211 1054 3272 14.
1094 3205 1180 3272 Haec
1213 3216 1287 3271 ante

161 3331 265 3396 omnia
287 3336 454 3412 perspecta
475 3329 602 3396 habeas.
647 3327 679 3394 Si
702 3317 767 3396 tres
789 3330 904 3396 liberos
927 3331 958 3394 iu
980 3336 1136 3410 potestate
1159 3327 1287 3404 habens,

161 3467 258 3513 unum
281 3448 342 3513 tibi
362 3448 396 3514 in
418 3449 616 3531 adoptionem
631 3451 713 3529 dem,
734 3458 867 3514 uocatur
881 3449 958 3514 haec
973 3448 1100 3530 adoptio
1125 3465 1196 3511 »ex
1218 3445 1287 3509 tri·
1303 3462 1337 3513 as

49 3575 51 3600 '
158 3568 231 3634 bus
254 3567 467 3634 maribus«
498 3575 531 3632 et
552 3575 601 3634 est
623 3569 929 3634 senatusconsultum
951 3566 1185 3646 alinianum,
1210 3581 1284 3647 quo
