3370 5350
566 403 797 468 -278-

125 611 188 656 rem
211 591 370 668 corrigens
391 590 606 671 imperfectum
634 592 773 672 quidam,
803 598 852 656 set
880 599 984 658 tamen
1013 594 1169 674 quoddam
1193 613 1244 660 ex·

126 710 273 790 cogitauit
295 709 481 776 remedium:
504 718 650 790 patruum
673 709 755 774 enim
779 730 817 776 ex
838 717 1041 791 cognatorum
1061 713 1169 776 ordine
1191 732 1242 777 uo·

125 828 214 908 cauit,
237 848 307 894 cum
330 829 526 907 adgnatiouis
545 831 613 894 iura
629 827 807 908 deficerent,
824 831 1019 896 successione
1034 831 1159 895 minime
1175 851 1241 913 per-

125 950 226 1014 missa.
249 947 466 1014 sanctissimus
477 956 581 1013 autem
594 951 762 1030 imperator
775 956 881 1015 noster
892 949 1016 1014 omnino
1028 949 1164 1032 perfecta
1176 969 1244 1017 esse

124 1072 190 1134 iura
212 1069 353 1147 studens,
377 1067 629 1134 constitutionem
652 1067 738 1146 tulit,
761 1069 793 1133 in
823 1069 946 1150 quade
969 1075 1151 1148 patronatus
1173 1069 1243 1136 iure
1277 1069 1293 1119 ⁵

123 1187 244 1256 locutus
266 1197 324 1266 est,
346 1196 441 1269 atqua
461 1190 645 1256 humaniore
665 1190 769 1254 animo
793 1189 868 1256 haec
890 1190 1039 1271 cogitans,
1063 1189 1156 1255 iussit
1177 1207 1243 1254 suc·

125 1307 294 1373 cessionem
323 1309 355 1372 in
388 1307 594 1387 adgnatorum
623 1326 692 1372 esse
719 1307 962 1373 hereditatibus:
995 1307 1127 1372 stultum
1161 1309 1242 1372 euim

125 1445 189 1492 esse
212 1427 316 1490 uisum
339 1426 491 1506 estquod
513 1427 653 1506 cognatis
675 1433 802 1506 praetor
831 1428 984 1491 concessit
1011 1429 1073 1510 (est
1101 1429 1182 1492 enim
1211 1427 1242 1492 in

75 1621 80 1636 ⁸
123 1545 159 1610 iis
187 1545 361 1628 successio)
387 1545 445 1611 hoc
474 1547 619 1626 adgnatis
647 1565 708 1612 non
735 1553 924 1628 competere,
952 1549 1084 1614 maxime
1114 1568 1182 1616 cum
1211 1550 1242 1613 iu

125 1665 240 1730 tutelae
263 1683 356 1731 onere
377 1665 532 1731 successio
555 1665 606 1728 sit.
652 1663 685 1731 Si
708 1665 789 1731 enim
816 1669 886 1749 quis
916 1667 1057 1748 impubes
1080 1674 1145 1746 est,
1168 1670 1295 1734 duo-10

123 1804 180 1866 que
202 1792 375 1866 supersunt
396 1785 523 1866 adgnati
546 1785 645 1851 ueluti
667 1786 766 1851 frater
788 1792 820 1850 et
841 1793 983 1868 patruus,
1008 1786 1107 1852 frater
1122 1797 1157 1854 ut
1172 1806 1243 1871 pro-

122 1906 222 1971 ximus
257 1906 298 1970 ad
329 1905 458 1971 tutelam
496 1905 672 1972 uocabitur:
712 1907 738 1970 si
779 1925 854 1972 uero
892 1909 1042 1973 moriatur
1078 1915 1172 1990 atque
1205 1927 1242 1974 eo

123 2027 211 2092 modo
237 2027 393 2091 secundus
415 2023 538 2090 deficiat
559 2027 685 2107 gradus,
708 2024 794 2092 locus
816 2024 852 2089 iit
874 2026 1074 2103 successioni,
1098 2039 1243 2108 patruus·

122 2165 180 2228 que
201 2145 362 2228 legitimus
384 2143 439 2210 fiet
460 2148 556 2210 tutor.
589 2146 672 2224 quod
696 2162 770 2226 ergo
792 2143 824 2208 in
847 2143 965 2210 tutelae
989 2163 1082 2209 onere
1105 2143 1242 2226 uigebat,

85 2271 106 2322 8·
122 2265 294 2332 absurdum
316 2269 384 2330 erat
406 2283 465 2330 non
486 2271 518 2332 et
531 2265 564 2330 in
580 2265 666 2330 lucro
681 2265 788 2346 uigere
809 2264 1001 2330 hereditatis.
1025 2263 1054 2328 8.
1076 2265 1124 2329 Ex
1145 2263 1293 2346 logici-1⁵

122 2406 245 2454 morum
267 2386 418 2452 heredum
439 2385 548 2451 ordine
570 2383 610 2451 ad
639 2383 695 2450 filii
717 2386 799 2450 bona
827 2383 965 2450 defuncti
994 2392 1083 2464 pater
1111 2385 1240 2450 uocaba-

122 2516 181 2586 tur,
204 2506 263 2588 qui
285 2513 445 2574 contracta
472 2505 633 2590 speciatim
663 2503 777 2570 fiducia
806 2502 904 2568 filium
933 2502 1070 2578 filiamue
1098 2507 1241 2586 nepotem

122 2634 290 2708 neptemue
311 2645 347 2692 ac
368 2625 514 2706 deinceps
536 2623 762 2706 emancipabat.
806 2623 899 2690 hodie
921 2642 997 2690 uero
1019 2643 1057 2688 ex
1078 2623 1241 2705 imperato·

122 2747 163 2812 ris
185 2747 291 2814 nostri
312 2747 532 2813 constitutione
554 2742 744 2826 superfluum
768 2749 816 2809 est
842 2744 1003 2825 speciatim
1026 2748 1186 2808 contracta
1207 2738 1243 2804 fi·

122 2867 211 2932 ducia
235 2866 448 2948 emancipare:
471 2865 722 2946 praesumptione
744 2862 825 2927 enim
853 2881 889 2928 ac
916 2861 1011 2927 tacite
1032 2861 1091 2926 hoc
1113 2860 1243 2926 emanci·
1259 2873 1294 2925 20

121 2986 301 3067 potionibus
322 2983 425 3050 inesse
446 2982 588 3066 praefata
608 2982 696 3048 iubet
718 2981 910 3047 constitutio.
