3298 5322
563 407 804 472 —398-

427 689 477 754 De
501 689 573 772 lege
597 689 724 770 aquilia.
770 689 892 754 Titulus
917 694 946 754 3.

214 849 264 912 De
281 848 395 913 damno
412 849 504 913 alteri
521 849 655 913 iniuriae
680 849 754 913 dato
778 849 830 912 lex
854 849 973 930 aquilia
995 850 1164 933 prospexit,
1190 850 1244 932 qui

120 993 197 1037 eum
221 979 354 1055 coercet,
385 974 438 1054 qui
461 973 494 1037 id
518 973 648 1040 dederit.
698 974 778 1038 haec
802 980 907 1038 autem
930 974 982 1037 lex
1005 973 1037 1038 in
1059 974 1121 1039 tria
1137 974 1244 1058 capita

120 1098 282 1162 diuiditur.
328 1099 361 1162 in
384 1098 484 1182 primo
509 1105 614 1162 autem
638 1099 742 1182 capite
766 1096 804 1162 de
828 1099 1002 1181 pecudibus
1026 1103 1169 1179 cauetur,
1194 1099 1243 1163 his

122 1223 245 1286 uerbis:
272 1223 324 1286 »si
348 1223 430 1303 quis
455 1224 640 1288 homiuem
660 1223 824 1287 alienum
847 1223 1064 1287 alienamue
1082 1223 1242 1303 quadru-

122 1347 292 1430 »pedem,
317 1368 411 1428 quae
427 1349 613 1432 pecudum
629 1368 780 1412 numero
797 1348 859 1428 sit,
880 1347 1026 1411 iniuria
1042 1347 1241 1430 occiderit,
1280 1357 1296 1408 5

123 1472 277 1552 »quanti
314 1473 351 1535 id
390 1472 488 1552 quod
526 1473 693 1536 occisum
731 1472 816 1552 fuit,
860 1471 898 1535 in
937 1473 978 1536 eb
1018 1492 1127 1552 anno,
1168 1491 1240 1552 quc

123 1597 309 1660 »occisum
338 1603 411 1679 est,
442 1597 596 1680 plurimi
619 1597 703 1679 fuit,
733 1603 877 1660 tautum
909 1597 1059 1660 occisor
1092 1596 1240 1660 domino

123 1721 235 1785 »dare
259 1721 481 1786 damnetur«.
528 1722 767 1806 interpretemur
790 1728 894 1786 autem
917 1722 1016 1785 uerba
1039 1721 1134 1804 legis,
1160 1741 1241 1801 quae

122 1847 320 1910 subobscura
355 1867 425 1911 esse
460 1847 612 1912 uidentur.
671 1846 755 1927 quod
786 1853 892 1909 tamen
927 1845 1040 1910 dicitur
1075 1846 1125 1909 »si
1159 1845 1241 1926 quis

123 1971 310 2034 homiuem
334 1972 499 2035 alienum
523 1971 663 2035 iniuria
687 1970 895 2035 occiderit«
919 1971 1014 2054 plane
1037 1970 1070 2033 in
1093 1970 1241 2052 expedito
1262 1983 1295 2035 10

83 2101 182 2161 rest.
236 2100 261 2160 1.
285 2096 374 2159 Dixit
402 2102 506 2160 autem
530 2096 881 2179 »quadrupedemue
913 2095 1110 2176 alienam«,
1139 2114 1241 2175 neque

124 2219 175 2283 his
198 2219 305 2283 uerbis
329 2227 478 2284 contenta
500 2221 558 2284 fuit
581 2221 642 2302 lex,
667 2241 769 2300 neque
790 2221 919 2284 confuse
936 2227 1030 2300 atque
1052 2221 1185 2302 abrupte
1201 2219 1240 2284 de

123 2345 184 2408 hoc
210 2351 257 2407 est
280 2345 400 2425 locuta,
425 2351 473 2409 set
497 2345 618 2408 addidit
642 2365 754 2425 »quae
778 2344 958 2428 pecudum
982 2364 1136 2408 numero
1162 2344 1240 2408 sit«.

125 2470 160 2532 id
171 2477 275 2534 autern
288 2490 326 2534 ec
343 2471 486 2554 pertinet,
506 2470 588 2552 quod
602 2471 629 2534 si
641 2471 815 2552 generatim
832 2470 870 2533 de
888 2469 1144 2552 quadrupedibus
1157 2476 1241 2533 esset

124 2596 233 2659 locuta
249 2615 312 2659 ncn
335 2595 456 2659 addens
473 2616 527 2659 eas
551 2595 704 2678 pecudum
729 2615 857 2660 numero
882 2614 952 2658 esse
968 2593 1094 2675 debere,
1119 2594 1294 2658 intelle-15

125 2721 262 2802 gendum
286 2726 370 2784 esset
392 2721 451 2785 hcc
475 2721 561 2802 prius
586 2727 680 2803 caput
703 2719 742 2784 de
769 2719 844 2783 feris
869 2739 991 2799 quoque
1021 2719 1136 2800 bestiis,
1160 2738 1241 2798 quae

124 2845 202 2908 mihi
217 2845 405 2928 pertineant,
430 2845 482 2909 uel
498 2845 641 2920 canibus,
665 2845 692 2908 si
708 2843 777 2924 quis
801 2863 856 2908 eos
881 2844 1039 2907 occiderit.
1072 2848 1120 2907 set
1143 2843 1243 2906 noluit

123 2969 166 3032 de
189 2969 237 3033 his
261 2969 314 3032 lex
337 2989 464 3051 cauere;
489 2990 562 3033 nam
586 2970 625 3033 de
649 2969 712 3032 illis
727 2973 847 3032 tanturn
870 2968 975 3032 locuta
991 2974 1048 3042 est,
1073 2987 1154 3049 quae
1171 2987 1241 3050 pro-

123 3093 195 3176 prie
224 3101 256 3158 et
279 3094 435 3177 gregatim
458 3095 548 3178 pasci
571 3095 688 3174 solent,
719 3093 828 3173 quales
853 3099 924 3157 sunt
948 3093 1020 3173 equi
1043 3092 1119 3155 muli
1142 3093 1241 3156 boues
