3328 5318
848 385 1088 447 -460-

409 561 540 619 οοτέίωο
562 552 658 621 ἐστίν.
704 555 881 622 καὶταῦτα
903 557 963 638 μὲν
990 559 1065 642 περὶ
1092 555 1148 642 τῆς
1171 559 1204 623 in
1230 579 1296 622 rem
1323 559 1521 643 κινουμένης.

411 665 437 726 1.
461 663 501 724 Ei
524 661 561 724 δέ
584 662 764 744 personalia
787 661 930 739 ἐκινεῖτο,
953 661 988 726 ἐκ
1006 664 1066 746 μὲν
1087 665 1146 728 τοῦ
1162 663 1336 748 ἐνάγοντος
1351 664 1467 750 μέρους
1482 663 1524 729 τὰ
1536 680 1557 728 1.

407 765 489 832 αὐτὰ
519 765 658 853 ἐκράτει,
686 762 768 854 άπερ
795 769 992 855 εἰρηκαμενῑ)
1020 769 1073 834 ἐπὶ
1099 779 1153 857 της
1177 772 1209 835 'm
1236 792 1310 836 rem.
1356 771 1523 835 τοιπέστιν

407 871 489 958 ότιέ)1
512 872 531 937 ό
553 874 612 956 μέν
636 872 791 961 δεσπότης
815 874 972 958 οὐδεμίαν
998 879 1159 963 παρείχεῧ)
1188 879 1416 954 satisdationa‚
1444 877 1464 942 ό
1489 878 1526 941 δὲ

374 997 388 1046 5
408 987 600 1064 procuratwr
623 979 734 1044 ἐδίδου
749 979 808 1066 την
824 990 939 1047 »ratam
954 983 1072 1068 rem«4).
1118 985 1172 1047 καὶ
1188 982 1220 1048 οἳ
1234 982 1408 1068 κηδεμόνες
1431 983 1526 1069 ἡνίκα

407 1085 429 1171 ἦ
450 1084 644 1161 κατάστασις
666 1085 777 1152 αὐτῶν
800 1086 1029 1171 άμφιβάλλετο.
1075 1089 1110 1154 ἐκ
1136 1093 1276 1176 πλευροῦ
1304 1091 1341 1154 δέ
1368 1093 1428 1156 του
1455 1090 1524 1156 ἐνα-

407 1197 545 1277 γομένου
567 1197 594 1257 εί
616 1197 675 1276 μέν
697 1219 745 1269 τις
769 1197 872 1260 alieno
896 1198 1019 1261 nomine
1043 1195 1217 1277 ὑπεδέχετο
1237 1198 1295 1284 την
1311 1200 1524 1281 personalian‚

408 1301 509 1363 παντὶ
530 1299 671 1387 τρόπῳῑ)
695 1299 807 1385 ἐγγύας
830 1314 965 1388 παρεῖχε
988 1301 1043 1366 διδι
1067 1301 1127 1368 τόν
1149 1304 1381 1391 προειρημένον
1404 1305 1526 1368 κανόνα

407 1405 467 1470 τὸν
500 1407 649 1484 λέγοντα·
679 1429 803 1474 »nemo
839 1411 920 1474 sine
955 1411 1274 1496 satisdatione‹⁶).
1324 1414 1352 1474 εἰ
1379 1409 1440 1496 γὰρ
1470 1433 1526 1476 suo

356 1527 390 1578 10
407 1515 532 1602 nomine
566 1512 739 1596 ὑπεδέχετο
774 1513 832 1600 τὴν
865 1519 1085 1598 personalian,
1117 1501 1303 1583 »iudicafium
1338 1519 1432 1582 solui«
1467 1517 1527 1581 οδκ

408 1617 602 1704 ἦναγκάζετυ
617 1633 804 1706 παρασχεῖν.
833 1626 862 1689 2.
872 1621 966 1686 Ἀλλὰ
982 1632 1084 1686 ταῦτα
1100 1623 1159 1706 μέν
1174 1621 1265 1710 παρὰ
1281 1635 1350 1698 τοῖς
1364 1629 1525 1698 παλαιοῖς.
1536 1637 1560 1686 2.

408 1725 543 1812 σάμερον
567 1726 604 1789 δέ
626 1725 715 1814 ἑτέρα
739 1726 828 1803 τάξις
852 1727 908 1792 ἐπὶ
923 1729 1047 1794 τούτων
1070 1741 1188 1816 κρατεῖ.
1227 1729 1289 1794 εἴτε
1304 1728 1365 1816 γάρ
1382 1755 1430 1804 τις
1454 1730 1525 1794 ἐνά-

407 1857 495 1916 γεται
522 1831 559 1921 τῇ
589 1835 622 1897 in
649 1855 714 1898 rem
742 1833 802 1898 ε’ίτε
829 1844 866 1924 τη
893 1838 1078 1918 μετεοαοίίᾳ
1105 1859 1162 1902 suo
1190 1839 1333 1913 nomine,
1368 1835 1526 1919 α’δεμίαν

408 1939 524 2004 δίδωσι
552 1941 759 2006 satisdationa
782 1946 873 2006 ἕνεκα
900 1939 963 2026 τῆςΙ
981 1943 1191 2028 διατιμήσεως
1220 1946 1277 2028 τῆς
1306 1944 1412 2028 δίκης,
1441 1943 1525 2008 άλλδ

357 2060 388 2110 15
407 2043 512 2128 μόνον
545 2045 699 2132 ἐγγυητήν
731 2048 862 2134 παρέχει
888 2047 972 2134 ὑπὲρ
1005 2051 1064 2112 τοῦ
1099 2051 1214 2114 οἰκείου
1249 2047 1433 2138 προσώπου
1468 2049 1527 2116 τὸν

407 2150 679 2236 ἐπαγγελλόμενον
702 2151 753 2218 ὅτι
775 2167 954 2241 παραμενεῖ
967 2155 988 2220 ό
1003 2154 1196 2239 ἐναγόμενος
1215 2155 1311 2244 ἐντῷ
1331 2156 1527 2242 δικαστηρίῳ

407 2263 500 2343 μέχρι
526 2259 635 2334 τέλους
663 2263 716 2346 της
745 2260 843 2348 δίκης.
890 2260 956 2325 ἐστι
983 2262 1020 2326 δὲ
1048 2259 1102 2327 ὅτε
1130 2262 1169 2326 οδ
1197 2263 1333 2349 παρέχει
1360 2262 1527 2350 ἐγγυητὴν,

408 2363 480 2429 ἀλλ’
507 2369 608 2447 οἰκείᾳ
636 2365 793 2451 ὁμολογίᾳ
827 2368 1091 2433 καταπιστεόεται
1125 2367 1315 2452 ἐνωμότως,
1343 2368 1394 2434 ότι
1422 2394 1525 2457 παρα-

407 2484 495 2555 μενεῖ
525 2470 571 2559 τῷ
602 2473 794 2559 δικαστηρίῳ
824 2476 876 2537 καὶ
904 2472 961 2540 οὐκ
988 2474 1218 2562 άποστήσεται,
1249 2473 1315 2562 ἥτις
1344 2478 1398 2539 καὶ
1426 2476 1462 2541 ἐν
1487 2469 1526 2566 τη

355 2593 389 2642 20
408 2580 563 2664 συνηθείᾳ
585 2579 740 2664 ῥωμαϊστὶ
762 2580 913 2664 λέγεταιῖ)
941 2583 1134 2647 iuratoria
1162 2581 1333 2669 ca.uti0⁸)‚
1361 2584 1528 2648 τουτέστιν

407 2684 608 2768 ἐξωμοσία.
658 2685 812 2761 πολλάκις
841 2687 878 2750 δὲ
904 2689 958 2750 καὶ
986 2687 1061 2770 δίχα
1089 2684 1188 2772 ὅρκου
1217 2688 1320 2775 ψιλήν
1347 2688 1526 2774 ὁμολογίαν

407 2791 569 2884 ἐκτίθεται
588 2794 662 2876 περὶ
675 2791 837 2876 ἑαυτοῦθγ·
861 2796 964 2858 ταῦτα
988 2794 1025 2858 δέ
1047 2794 1155 2860 πάντα
1179 2795 1264 2882 πρὸς
1286 2794 1348 2881 τήν
1363 2795 1524 2882 ποιότητα

406 2907 466 2966 τοῦ
486 2897 665 2984 προσώπου
688 2899 746 2964 τοῦ
769 2899 963 2984 ἐναγομένου
985 2906 1172 2988 προβαίνειν
1193 2901 1320 2966 εἴωθεν.
1363 2897 1440 2980 ὥςτε
1463 2901 1524 2968 οὖν

406 3005 425 3072 ό
447 3005 639 3090 ἐναγόμενος
650 3007 685 3090 ¹⁰)
710 3027 766 3071 suo
790 3008 924 3088 nomine,
948 3007 1028 3070 ποτὲ
1044 3008 1103 3090 μὲν
1117 3005 1271 3094 ἐγγυητήν
1286 3011 1367 3072 ποτὲ
1391 3009 1429 3072 δέ
1444 3008 1518 3086 ἐξω-

354 3126 388 3176 25
406 3118 524 3195 μοσίαν
546 3113 626 3176 ποτὲ
654 3112 690 3175 δέ
719 3111 818 3200 ψιλὴν
845 3112 1023 3196 ὁμολογίαν
1050 3113 1222 3178 ἐκτίθεται.
1269 3120 1297 3182 3.
1322 3118 1364 3179 Et
1388 3116 1428 3179 δέ
1454 3138 1524 3200 pro·
1535 3129 1558 3179 3.
1656 3165 1657 3176 ,

407 3225 539 3284 οοοέιίωυ
561 3217 647 3283 ἐστὶν
669 3217 688 3285 ό
711 3217 836 3298 ἐνάγων
859 3247 877 3306 η
900 3218 920 3283 ό
942 3218 1148 3303 ἐναγόμενος,
1171 3220 1205 3285 ἐκ
1220 3224 1362 3308 πλευροῦ
1383 3223 1444 3304 μὲν
1465 3229 1524 3287 τοῦ

407 3332 532 3390 ἐοίοεοο
555 3324 771 3410 άναγκάζεται
794 3325 924 3391 διδόναι
946 3325 1007 3411 τήν
1030 3334 1146 3392 »ratam
1169 3348 1235 3392 rem
1259 3329 1419 3393 dominum
1435 3331 1521 3394 habi-

406 3441 533 3514 turum«,
558 3435 584 3496 εἰ
607 3431 650 3518 μὴ
672 3430 735 3519 ἄρα
759 3431 778 3518 ἢ
800 3433 970 3498 ωοαδέίοο
993 3433 1137 3522 ἐπιδείξη
1161 3433 1335 3516 γενόμενον
1353 3437 1397 3509 είς
1421 3435 1522 3501 αὐτὸν

406 3537 475 3602 ὐπδ
503 3540 561 3602 τοῦ
592 3537 752 3604 δεσπότου
782 3538 835 3603 ἐπὶ
865 3539 1010 3625 πράξεως
1040 3538 1285 3625 δπομνημάτων
1316 3540 1521 3626 ἐμφανισθὲν

497 3786 520 3853 1)
538 3789 584 3842 ιιι
604 3786 646 3841 ιο.
662 3771 709 3839 vi.
729 3787 761 3840 R.
870 3788 892 3854 υ
910 3787 966 3842 Ad.
986 3803 1020 3842 ex
1038 3788 1072 3840 M.
1092 3789 1134 3842 ιν.
1254 3789 1276 3856 ³)
1299 3793 1407 3862 -εχιι
1427 3790 1469 3842 τι.
1490 3790 1522 3843 α.

374 3919 375 3924 ,
406 3875 429 3942 4)
449 3873 549 3945 ὁμοίως
568 3875 610 3929 ad.
630 3875 674 3928 Vi.
693 3877 726 3929 R.
834 3877 856 3944 ⁵)
876 3875 967 3932 πάντα
986 3875 1089 3948 τρόπον
1107 3877 1151 3931 Vi.
1171 3879 1204 3931 R.
1317 3877 1340 3948 6)
1361 3879 1464 3932 alienae
1483 3881 1522 3933 rei

408 3963 537 4016 defensor
555 3962 671 4018 idoneus
689 3964 856 4034 intellegitur
875 3964 917 4018 ad.
937 3965 981 4020 Vi.
1001 3965 1034 4020 R.
1272 3967 1293 4034 ⁷)
1312 3970 1371 4038 λὲγ.
1391 3971 1458 4038 ῥωμ.
1478 3967 1520 4021 Ιιΰ.

407 4051 770 4118 ⁸)iuratoriaoaut1wnL2.
854 4053 878 4122 ⁹)
897 4055 931 4107 M.
950 4055 1002 4108 Pi.:
1023 4053 1107 4110 αὐτοῦ
1124 4055 1167 4108 F.:
1187 4054 1212 4108 d.
1233 4055 1276 4108 Vi.
1296 4057 1328 4109 R.
1421 4056 1455 4123 ¹⁰)
1475 4058 1519 4111 καὶ

407 4140 450 4194 ad.
470 4141 514 4198 Vi.
534 4142 566 4194 R.
