3164 5338
537 361 778 424 -369-

110 535 150 599 ita
170 534 285 618 pariter
308 534 414 599 debito
437 535 660 599 exonerabitur
677 534 777 620 (dedit
800 533 882 598 enim
898 535 1060 599 uoluntate
1077 535 1216 620 domini).

110 659 158 740 qui
179 659 259 724 enim
283 678 375 723 seruo
400 679 457 723 suo
479 657 624 724 fenerare
646 658 809 742 permittit,
833 659 861 722 is
884 658 1008 723 uidetur
1024 658 1217 725 debitoribus

108 785 282 848 facultatem
315 783 392 848 dare
423 783 525 848 eidem
553 783 765 866 dispensatori
794 782 947 848 soluendi.
992 783 1071 848 haeo
1099 784 1216 866 utique,
1300 823 1304 830 ·

107 908 249 990 quamdiu
284 908 428 972 dominus
463 908 496 972 in
533 907 645 973 eadem
681 908 837 973 sententia
870 927 947 990 erga
976 907 1064 972 illum
1093 927 1217 972 seruum

106 1033 368 1116 perseuerauerit:
393 1053 467 1096 nam
491 1032 519 1098 si
541 1033 736 1098 uoluntatem
752 1033 928 1114 mutauerit‚
951 1052 1015 1098 non
1029 1039 1115 1098 reate
1132 1032 1218 1097 debi·
1255 1049 1270 1100 5

105 1167 184 1222 tores
208 1158 238 1222 ei
261 1158 394 1222 soluunt.
428 1157 503 1238 quid
526 1177 601 1239 ergo
625 1157 652 1221 si
677 1157 927 1241 dispensatorem
944 1157 1087 1221 dominus
1110 1177 1218 1220 mann-

105 1281 220 1345 miserit
235 1287 267 1345 et
282 1281 431 1364 deinceps
456 1280 580 1345 debitor
602 1281 731 1346 soluerit
754 1281 784 1345 ei
806 1281 989 1364 poemiam,
1013 1301 1087 1344 num
1111 1280 1217 1344 debito

104 1405 274 1470 liberatur?
304 1411 336 1469 et
359 1404 468 1468 stricta
491 1404 616 1485 quidem
640 1405 716 1469 iuris
738 1405 862 1469 ratione
885 1424 949 1468 non
972 1405 1067 1469 debet
1089 1404 1219 1469 liberari

104 1550 169 1593 oum
193 1529 250 1593 alii
273 1529 403 1594 soluerit
427 1549 520 1610 qnam
545 1529 595 1593 oui
618 1529 771 1612 peouniae
797 1529 939 1594 dominus
956 1529 1099 1593 uoluerit.
1131 1549 1217 1592 nam·

104 1673 160 1734 que
184 1674 255 1718 aum
283 1674 355 1718 eum
383 1654 613 1736 manumiserit,
644 1655 752 1737 palam
780 1659 828 1718 est
855 1654 951 1718 talem
974 1654 1014 1718 de
1042 1672 1080 1719 eo
1108 1653 1271 1722 uolun-10

103 1783 195 1843 tatem
221 1778 406 1843 deseruisse.
442 1784 490 1842 set
514 1799 584 1843 oum
608 1778 779 1844 absurdum
803 1779 844 1843 sit
859 1778 1056 1862 probabilem
1072 1778 1217 1860 ignoran-

103 1903 174 1968 tiam
209 1903 356 1967 damnum
389 1903 525 1968 soluenti
557 1903 685 1984 afferre,
720 1903 840 1986 placuit
876 1923 946 1967 eum
983 1901 1120 1966 naturali
1149 1902 1217 1966 iure

104 2027 295 2110 obligatione
318 2028 465 2092 liberare.
518 2027 598 2092 siout
621 2028 717 2110 igitur
740 2027 772 2092 in
795 2027 1012 2111 dispensatore
1037 2026 1217 2092 contraius

103 2151 241 2216 strietum
257 2152 433 2235 probabilis
450 2152 629 2236 ignorantia
651 2152 790 2236 prodest,
813 2153 859 2216 ita
882 2152 987 2234 etiam,
1010 2151 1159 2216 mandato
1182 2171 1217 2215 re

103 2275 201 2340 adhue
227 2275 352 2359 integra
368 2296 425 2360 per
439 2277 619 2341 mandantis
635 2283 767 2341 mortem
788 2277 901 2358 soluto,
925 2276 1067 2340 mandati
1090 2281 1216 2358 agetur:
1238 2295 1270 2345 15

102 2407 230 2484 propter
253 2401 386 2466 eandem
410 2401 531 2466 scilieet
553 2401 717 2482 rationem,
745 2400 827 2465 idest
849 2401 1045 2485 probabilem
1072 2400 1217 2483 ignoran-

56 2539 89 2588 11.
102 2523 183 2588 tiam.
224 2528 273 2590 11.
295 2525 479 2590 Mandatum
502 2525 579 2589 mihi
602 2525 740 2590 delatum
763 2525 837 2590 lieet
859 2525 936 2589 mihi
955 2544 1018 2590 non
1042 2525 1215 2608 suseipe1e3

101 2654 279 2732 susceptum
301 2669 378 2714 uero
403 2669 620 2715 consummare
644 2650 745 2715 debeo
770 2656 824 2716 aut
847 2670 941 2731 quam
956 2650 1091 2733 primum
1106 2669 1217 2714 renun-

97 2771 185 2855 tiare,
212 2780 255 2842 ut,
269 2773 437 2838 mandator
460 2781 514 2838 aut
528 2795 586 2858 per
603 2781 703 2840 semet
712 2775 815 2857 ipsum
830 2780 885 2839 aut
899 2793 957 2857 per
972 2774 1068 2838 alium
1084 2774 1218 2839 eandem

97 2915 161 2962 rem
180 2903 365 2979 exequatur.
400 2919 474 2964 nam
489 2899 551 2964 nisi
566 2899 612 2964 ita
627 2899 861 2981 renuntiauere,
885 2899 966 2964 utin
982 2899 1105 2982 integro
1122 2919 1218 2982 nego·
1236 2917 1271 2969 20

96 3021 173 3086 tium
197 3023 377 3088 mandatori
399 3031 588 3106 reseruetur‚
613 3023 667 3106 qui
690 3024 722 3088 id
744 3024 842 3089 nihilo
866 3025 968 3089 minus
984 3026 1105 3106 absque
1125 3023 1217 3088 detri-

96 3153 203 3212 mento
228 3147 381 3230 perficere
397 3148 507 3233 possit,
531 3148 674 3214 mandati
696 3151 836 3214 tenebor.
872 3149 947 3232 quid
962 3168 1038 3231 ergo
1056 3148 1123 3213 est?
1157 3148 1218 3212 iter

99 3270 140 3334 ad
164 3271 324 3354 quandam
347 3272 509 3355 regionem
533 3293 620 3338 eram
643 3274 797 3338 facturus:
821 3275 951 3338 uolebat
970 3273 1070 3379 Titius
1094 3280 1126 3337 et
1148 3273 1216 3356 ipse
