3298 5322
555 334 797 396 ⁴409-

131 508 209 591 passi
224 514 301 588 sunt,
325 507 405 570 tanti
421 507 600 589 aestimare,
626 508 866 588 quanticumque
890 507 1016 572 uellent.
1054 508 1136 572 forte
1153 509 1235 572 enirn

132 633 246 695 dioehat
268 631 295 694 is
319 631 373 711 qui
396 631 541 694 iniuriam
565 651 678 714 passus
702 631 819 695 fuerat:
846 631 1037 696 ‘iniuriam
1066 631 1154 696 mihi
1182 633 1235 696 in-

131 757 233 850 latam
257 753 281 818 O
305 755 434 819 aureis
459 755 638 819 aestimo'.
686 762 717 820 et
745 756 798 836 qui
827 756 865 820 de
895 775 934 819 ea
960 775 995 820 re
1024 758 1237 838 cognoscebat

130 879 213 944 modo
235 880 315 944 tanti
339 879 569 943 condemnabat
594 879 688 964 (idest
711 881 743 942 in
768 879 792 943 Ο
816 881 953 963 aureos),
978 879 1072 944 modo
1096 881 1235 962 minoris,

130 1009 213 1086 prout
234 1004 295 1087 ipsi
324 1016 461 1084 aequum
485 1003 653 1068 uideretur.
699 1011 747 1068 set
770 1024 886 1087 poena,
911 1024 991 1084 quae
1017 1024 1056 1068 ex
1079 1005 1150 1086 lege
1174 1006 1237 1068 XII
1274 1019 1290 1070 5

129 1128 298 1192 tabularum
322 1134 371 1192 est
393 1127 586 1210 introducta,
615 1128 648 1191 in
672 1127 908 1192 desuetudinem
933 1128 1024 1210 abiit;
1054 1149 1094 1192 ea
1121 1136 1236 1210 autem,

128 1267 215 1332 quam
237 1259 402 1335 praetores
425 1252 674 1333 introduxerunt,
698 1252 731 1316 in
754 1253 878 1316 iudioiis
905 1252 1129 1333 frequentatur.
1164 1274 1237 1316 narn

129 1377 290 1440 seeundum
320 1377 451 1458 gradum
480 1376 642 1459 dignitatis
670 1377 819 1458 uitaeque
848 1377 1044 1440 honestatem
1074 1377 1154 1459 eins,
1184 1378 1238 1456 qni

129 1501 267 1564 iniuriam
295 1521 408 1584 passus
442 1508 504 1583 est,
540 1501 634 1564 modo
659 1502 772 1566 oresoit
798 1501 891 1566 modo
924 1501 1072 1565 minuitur
1105 1501 1238 1565 iniuriae

129 1625 308 1690 aestimatio.
358 1625 426 1690 fieri
459 1624 541 1689 enim
574 1631 679 1709 potest
710 1630 744 1688 ut
772 1625 883 1689 eadem
911 1625 1027 1689 iniuria
1057 1627 1097 1688 ab
1127 1625 1238 1691 eodem
1258 1639 1293 1690 10

128 1749 275 1814 inferatur
298 1750 456 1814 senatorio
480 1750 563 1832 uiro,
595 1750 647 1814 uel
674 1750 800 1833 plebeio
829 1750 960 1815 honeste
988 1757 1043 1814 aut
1071 1750 1165 1814 etiam
1193 1750 1238 1816 in-

127 1874 249 1939 honeste
268 1875 401 1956 uiuenti;
426 1874 578 1939 senatorii
593 1874 653 1938 uiri
668 1874 783 1938 iniuria
794 1874 1012 1938 aestimabitur
1029 1874 1119 1938 uerbi
1135 1875 1240 1956 gratia

129 1997 313 2080 Chaonem,
345 1999 465 2082 plebeii
497 1999 628 2063 honeste
660 1998 796 2063 uiuentis
821 1997 859 2078 O,
888 1998 1045 2062 inhonesti
1076 2005 1181 2062 autem
1204 2000 1239 2062 L.

127 2124 284 2188 hiantem
309 2123 537 2188 aestimationis
567 2123 685 2205 gradus
708 2123 741 2186 in
765 2123 865 2187 seruis
894 2142 1020 2204 quoque
1049 2123 1163 2188 iniuria
1187 2124 1240 2187 ad-

126 2248 211 2312 feotis
229 2254 410 2330 seruantur;
433 2248 525 2312 aliter
546 2248 629 2311 enim
650 2247 866 2312 aestimabitur
886 2247 1001 2312 iniuria
1017 2248 1044 2312 si
1061 2268 1130 2312 earn
1147 2267 1239 2312 seruo
1260 2261 1293 2312 15

127 2371 250 2454 feceris,
282 2372 333 2436 oui
355 2377 490 2436 totorum
514 2373 667 2434 bonorum
695 2391 834 2435 meorum
863 2371 1091 2436 administratio
1121 2371 1240 2436 eredita

127 2495 172 2575 sit,
197 2503 228 2560 et
253 2495 354 2574 aliter,
378 2496 405 2560 si
429 2515 500 2560 eurn
525 2515 651 2559 seruum
675 2494 790 2559 iniuria
814 2495 979 2578 adsensun,
1005 2495 1056 2560 oni
1079 2495 1170 2559 unius
1193 2494 1241 2558 rei

124 2625 241 2684 tantum
268 2640 374 2684 ouram
399 2620 618 2700 commiserim,
642 2620 740 2684 ueluti
763 2619 963 2703 praediorum
985 2639 1134 2701 meorum⁷
1158 2638 1241 2700 quae

125 2742 155 2806 in
178 2745 316 2826 quadam
339 2745 469 2826 regione
501 2749 585 2826 sunt3
616 2750 647 2808 et
675 2743 767 2807 aliter
795 2744 918 2808 demum
947 2743 980 2807 in
1008 2743 1160 2807 uilissimo
1189 2743 1242 2807 uel

94 2875 115 2926 8.
125 2869 303 2952 oompedito
327 2888 429 2933 seruo.
465 2871 493 2934 8.
519 2868 574 2932 Set
596 2887 635 2931 ne
659 2868 711 2932 lex
736 2868 861 2949 quidem
886 2867 1032 2933 Cornelia
1057 2868 1096 2932 de
1119 2867 1241 2932 iniuriis
1261 2881 1295 2933 20

124 2997 261 3057 tractare
296 2993 444 3076 neglexit.
490 2992 562 3074 lege
598 2993 680 3056 enim
716 2992 864 3057 Cornelia
898 3012 1023 3074 quoque
1058 2992 1242 3056 iniuriarum

126 3117 206 3182 aetio
230 3118 411 3182 introduota
427 3123 485 3199 est,
511 3135 592 3197 quae
609 3117 767 3200 competit,
792 3116 936 3196 quotiens
952 3116 1034 3181 liber
1049 3117 1141 3181 homo
1158 3116 1244 3180 dieat

125 3225 157 3304 se
203 3242 399 3325 pulsatum
449 3243 770 3322 uerberatumque
816 3241 1010 3305 domumue
1057 3262 1160 3305 suam
1205 3240 1243 3304 ui

123 3363 323 3431 introitum
346 3386 439 3432 esse.
474 3365 637 3430 ‘domurn’
656 3371 761 3430 autem
778 3366 959 3448 aooipimus,
983 3365 1050 3430 siue
1066 3366 1098 3429 in
1114 3364 1244 3448 propria
