3298 5322
554 350 792 414 -403-
1093 309 1117 378 s

80 532 226 589 laautem
252 531 346 607 eaput
373 525 459 607 prius
486 525 621 607 explicit.
675 528 722 590 12.
747 523 848 606 Caput
871 529 975 587 autem
999 523 1169 587 secundum
1196 523 1228 587 in

80 659 182 712 lauru
205 670 266 713 non
294 651 349 713 e'st.
408 649 457 714 13.
481 647 591 732 Capite
623 653 725 712 antem
752 647 844 711 tertio
877 652 999 711 ceteras
1027 648 1228 727 quaestiones

125 773 174 836 lex
201 779 379 870 pertractat.
429 773 535 853 itaque
560 773 679 854 siquis
707 744 830 872 seruum
858 792 960 836 meum
988 792 1130 836 meamne
1154 739 1229 860 qua-

126 897 306 986 drupedem,
339 917 419 978 quae
443 897 596 980 pecudum
619 916 752 983 pumero
778 865 838 978 est,
865 897 1090 978 uulnerauerit‚
1119 916 1229 972 eamne

126 1020 365 1104 quadrupedem,
389 1041 469 1102 quae
492 1021 647 1104 pecudum
674 1006 801 1086 numero
825 1028 974 1100 nonest,
999 1021 1097 1086 ueluti
1120 1040 1230 1087 canem
1267 1033 1282 1083 5

125 1145 262 1209 ieramus
291 1146 438 1226 bestiam,
466 1165 555 1210 ursos
582 1145 635 1209 uel
661 1146 769 1210 leones
791 1145 844 1210 uel
871 1145 976 1227 lupos,
1006 1144 1155 1209 occiderit
1178 1149 1232 1209 aut

125 1269 349 1360 uulnerauerit,
378 1269 468 1333 tertio
493 1270 596 1352 capite
619 1269 698 1351 legis
722 1276 852 1333 tenetur.
891 1274 939 1334 set
960 1269 994 1332 in
1020 1269 1132 1333 ceteris
1157 1287 1231 1348 quo-

126 1413 182 1473 que
211 1393 400 1457 animalibus
434 1395 507 1457 item
543 1394 574 1456 in
609 1393 721 1458 ceteris
755 1395 848 1456 rebus
877 1413 957 1473 quae
993 1393 1097 1456 anima
1125 1397 1232 1457 carent

127 1517 271 1580 damnum
295 1517 419 1582 domino
436 1517 565 1607 inlatum
589 1538 629 1602 ex
651 1518 710 1581 hoc
735 1517 836 1600 eapite
860 1517 1036 1581 resarcitur.
1083 1518 1127 1580 ait
1150 1517 1231 1607 euim

126 1641 189 1704 lox:
220 1641 271 1704 »si
299 1642 386 1722 quid
414 1649 532 1706 ustum
557 1648 618 1728 alut
644 1648 789 1726 ruptum
818 1647 880 1705 aut
907 1642 1064 1706 fractum
1091 1641 1233 1720 fuerit«,
1254 1654 1286 1704 10

128 1767 282 1830 actionem
299 1786 338 1830 ex
358 1768 449 1830 tertio
467 1767 570 1851 eapite
587 1767 740 1833 constitui.
779 1786 973 1848 superuacua
991 1771 1095 1830 autem
1112 1765 1232 1830 duabus

128 1888 186 1953 illis
210 1890 341 1953 uocibus
367 1898 551 1954 »ostenaet
579 1892 738 1956 »fractum«
767 1891 819 1954 lex
846 1911 904 1953 usa
932 1895 992 1954 est:
1023 1889 1123 1972 rupti
1152 1889 1233 1953 enim

129 2015 299 2097 appellatio
323 2014 354 2077 in
379 2033 485 2077 omnes
509 2015 586 2078 istas
614 2035 726 2078 causas
750 2015 893 2078 sufficere
920 2019 1032 2097 potest.
1065 1985 1067 1990 ι
1089 2021 1233 2096 ruptum

129 2139 207 2201 cuim
232 2139 364 2202 dicimus
388 2138 429 2218 id,
455 2138 538 2218 quod
554 2159 676 2218 quoquo
693 2137 785 2202 modo
802 2145 979 2220 corruptum
1001 2145 1057 2202 est.
1074 2137 1156 2201 unde
1173 2157 1235 2236 nou

129 2263 227 2325 solum
252 2269 323 2326 usta
346 2269 377 2326 et
392 2263 502 2343 fracta,
527 2269 575 2325 set
591 2263 684 2325 etiam
701 2263 801 2326 scissa
816 2262 922 2342 uestis,
948 2269 1002 2344 aut
1020 2261 1131 2325 collisa
1146 2282 1234 2342 uasa,
1255 2279 1288 2330 15

131 2407 208 2466 quae
230 2388 327 2468 uulgo
352 2388 437 2470 apud
454 2405 587 2468 graecos
612 2385 824 2450 contusam
841 2385 979 2464 audiunt,
1005 2385 1092 2468 (quid
1111 2355 1237 2448 enimsi

131 2517 281 2591 argentea
297 2511 391 2593 sinti)
408 2516 439 2575 et
455 2511 585 2576 effusum
602 2511 706 2579 uiuum
723 2517 777 2578 aut
792 2511 893 2574 oleum
913 2515 944 2572 et
959 2515 1065 2574 cetera
1080 2509 1112 2572 id
1128 2529 1236 2590 genus

131 2643 160 2697 et
183 2654 308 2715 quoquo
333 2637 425 2700 modo
450 2635 560 2700 uitiata
577 2642 738 2717 perempta
754 2641 785 2698 et
801 2634 958 2699 deteriora
981 2633 1074 2712 facta,
1100 2633 1236 2715 »rupti«

131 2758 357 2839 significatione
388 2761 590 2824 eontinentur.
640 2760 746 2840 itaque
777 2759 804 2822 si
834 2758 902 2838 quis
932 2757 965 2821 in
996 2757 1101 2820 uinum
1135 2747 1237 2819 meum

133 2881 281 2964 optimum
306 2885 447 2947 oleumne
471 2904 572 2947 meum
596 2883 897 2965 praestantissimum
920 2882 952 2944 id
975 2880 1148 2982 immiserit,
1176 2898 1237 2960 quo
1257 2897 1303 2948 20.

87 3018 122 3068 14.
133 3007 255 3070 bonitas
272 3015 530 3090 corrumperetur,
556 3028 594 3070 ex
610 3008 669 3071 hoo
681 3007 771 3071 tertio
785 3007 887 3090 eapite
903 3006 1069 3070 tenebitur.
1097 3009 1144 3070 14.
1157 3004 1239 3076 Illud
