3370 5350
591 396 823 462 -286-

120 585 231 654 sunit
253 604 290 650 ax
311 582 361 648 111
383 583 492 650 ordine
514 587 654 666 praetor,
672 583 700 646 3.
726 584 827 648 Habet
849 601 925 650 uero
940 583 1051 648 tertius
1067 584 1143 648 ordo
1166 581 1259 648 etiam

153 702 240 768 filium
264 702 475 782 adoptandum
499 703 616 777 datum,
640 719 708 766 cum
732 699 809 768 uelit
835 700 875 766 ad
898 701 1050 765 naturalis
1072 703 1170 780 patris
1192 719 1260 783 per-

119 827 137 875 4.
152 825 250 888 uenire
272 822 508 889 successionem.
552 823 581 884 4.
617 821 730 885 Mulier
750 822 902 900 quaedam
925 819 1020 900 uulgo
1047 819 1205 902 quaesitos
1227 819 1261 884 fi-

151 941 203 1007 lios
223 943 346 1007 habuit:
370 962 431 1008 non
454 942 570 1006 habent
591 939 623 1004 hi
645 941 797 1005 aduersus
827 939 981 1019 quendam
1009 938 1148 1020 legitima
1174 941 1259 1003 iura:

151 1063 291 1140 adgnatio
319 1063 399 1126 enim
429 1080 448 1125 a
475 1069 564 1142 patre
594 1060 804 1141 cognoscitur,
833 1058 864 1122 hi
895 1078 970 1124 uero
1000 1067 1118 1138 patrem
1146 1058 1261 1124 habere
1294 1069 1311 1119 o

150 1200 202 1246 uon
235 1180 467 1260 intelleguntur.
517 1181 623 1262 itaque
655 1197 755 1260 neque
788 1181 847 1244 sibi
880 1181 1009 1246 inuicem
1040 1181 1259 1262 consanguinei

149 1307 223 1376 sunt,
247 1299 322 1382 quia
343 1300 613 1380 consanguineitas
628 1299 824 1381 adgnationis
842 1299 960 1380 species
982 1305 1045 1364 est:
1069 1300 1261 1380 cognationis

148 1427 245 1485 autem
270 1422 339 1484 iura
361 1418 456 1499 uulgo
485 1417 620 1499 quaesiti
648 1417 762 1484 fratres
790 1419 920 1484 inuicem
949 1420 1006 1484 sibi
1036 1419 1259 1500 praeseferunt,

147 1540 230 1604 sicuti
260 1547 293 1604 et
320 1558 395 1620 erga
424 1558 529 1607 omncs
562 1557 618 1620 per
650 1544 779 1604 matrem
814 1538 872 1602 sibi
906 1545 995 1603 notos
1028 1545 1185 1619 cognatos.
1229 1539 1260 1603 hi

147 1666 244 1722 autem
269 1679 307 1722 ex
329 1660 421 1722 tertio
444 1655 561 1722 adeunt
582 1657 698 1722 ordina.
727 1658 822 1738 igitur
844 1659 954 1722 tertius
978 1659 1055 1722 ordo
1077 1677 1096 1722 a
1118 1665 1260 1740 praetore
1281 1658 1312 1708 ¹⁰

146 1779 334 1858 excogitatus
357 1779 507 1844 continet:
531 1779 683 1858 adgnatos
705 1778 759 1858 qui
782 1779 891 1859 capitis
913 1778 997 1860 passi
1020 1785 1094 1844 sunt
1123 1779 1260 1844 deminu-

144 1900 266 1974 tionem,
290 1898 424 1976 exceptis
439 1897 598 1975 iratribus,
622 1915 792 1979 eorumque
813 1897 936 1974 liburna,
959 1899 1032 1963 item
1055 1915 1108 1964 eos
1130 1899 1183 1980 qui
1205 1919 1260 1981 per

145 2017 279 2082 feminini
302 2037 394 2082 sexus
415 2035 563 2098 personas
586 2019 676 2082 nobis
697 2020 884 2099 iunguntur,
914 2016 1074 2100 filiumque
1104 2021 1134 2082 in
1166 2020 1261 2100 adop·

144 2137 205 2202 tiua
226 2145 398 2201 morantem
422 2136 540 2201 familia
568 2139 649 2219 patri
674 2146 778 2203 autem
809 2156 865 2202 suo
896 2139 1062 2204 surccedere
1080 2139 1258 2219 cupientem

144 2261 172 2319 et
194 2257 291 2338 uulgo
314 2258 485 2338 quaesitos:
514 2257 627 2336 quibus
656 2257 800 2322 omnibus
828 2257 1035 2338 proximitatis
1063 2258 1310 2322 nominabo-15

142 2393 249 2466 norum
274 2377 500 2458 possessionem
528 2377 609 2442 unde
639 2375 762 2458 cognati
791 2384 917 2456 praetor
945 2375 1123 2458 pollicetur,
1152 2378 1182 2441 id
1213 2385 1262 2442 cst

143 2514 199 2560 non
224 2514 334 2562 omnes
356 2496 448 2560 simul
471 2503 519 2560 set
547 2496 741 2577 proximioris
771 2496 887 2577 gradus
916 2497 1130 2561 tantummodo
1158 2514 1260 2578 persu-

106 2631 127 2681 5.
144 2631 195 2678 nas
216 2633 345 2682 uocaus.
390 2615 419 2677 5.
454 2611 531 2678 Cum
554 2615 743 2696 pluressint
764 2613 847 2680 inter
870 2616 1022 2695 adgnatos
1050 2623 1260 2694 cognatosque

143 2733 345 2814 differentiae,
367 2733 444 2798 haec
466 2752 589 2815 quoque
611 2734 651 2797 iis
674 2733 817 2800 addenda
839 2739 895 2801 est.
946 2733 1063 2816 siquis
1093 2735 1260 2798 intestatus

142 2852 304 2931 moriatur,
326 2852 393 2918 eius
415 2854 569 2936 adgnatus
591 2856 630 2919 ad
653 2855 878 2920 successionem
902 2854 1066 2919 uocabitur
1089 2855 1137 2918 uel
1161 2854 1186 2916 si
1209 2855 1260 2922 de·¹
1277 2845 1311 2896 ²⁰
1368 2895 1369 2900 κ

143 2972 218 3036 cimo
241 2974 344 3054 gradu
366 2974 416 3048 sit,
439 2980 604 3056 potestque
626 2973 712 3038 adire
735 2993 771 3039 ex
786 2958 857 3038 'xil
883 2973 1012 3052 tabuiis,
1035 2973 1085 3038 uel
1109 2957 1259 3039 bonorum

142 3095 368 3174 possessionem
395 3096 511 3160 »unde
532 3094 732 3176 legitimi«
760 3114 800 3176 ,ex
827 3094 983 3174 praetorio
1012 3095 1112 3160 edicto
1143 3098 1259 3174 petere.

114 3187 117 3196 ¹
140 3213 166 3278 si
187 3233 264 3280 uero
288 3214 443 3295 adgnatos
464 3233 524 3280 non
547 3221 641 3292 extet,
663 3221 712 3280 set
734 3221 854 3280 tantum
878 3215 1000 3296 cognati
1030 3215 1184 3291 defuncto,
1208 3213 1261 3278 da-

142 3332 224 3398 bitur
255 3334 302 3398 eis
331 3334 481 3398 bonorum
510 3332 666 3414 possessio
698 3336 824 3398 »unde
851 3336 1054 3413 cognati«,
1082 3335 1134 3414 qui
1163 3307 1260 3412 usque
