3298 5322
556 433 795 496 —404-

131 626 199 670 uero
223 607 327 689 palam
351 613 411 670 est:
440 607 521 670 sieut
549 625 587 670 ex
615 607 714 690 primo
743 607 847 690 eapite
875 606 921 670 ita
948 605 1072 670 demum
1100 604 1230 685 quisque

129 731 194 812 lege
225 730 343 810 aquilia
374 737 510 812 tenetur,
545 731 572 796 si
601 731 674 796 dolo
702 738 757 795 aut
783 731 877 814 oulpa
907 730 1043 794 alienum
1075 729 1231 793 hominem

128 873 258 937 peensue
282 854 440 937 oeoiderit,
463 855 508 919 ita
531 875 570 918 ex
585 856 678 920 tertio
695 855 798 938 eapite
815 875 855 919 ex
875 855 948 918 dolo
965 861 1020 918 aut
1035 855 1129 937 eulpa
1152 873 1231 936 eum,

128 979 176 1058 qui
203 979 348 1042 damnum
377 979 511 1060 dederit,
539 980 648 1043 teneri.
697 979 729 1043 in
757 979 816 1043 hoo
844 979 940 1061 igitur
967 984 1097 1058 utraque
1127 978 1232 1061 eapite

127 1103 317 1167 oonueuiunt.
362 1103 395 1166 in
422 1122 460 1167 eo
486 1104 582 1186 plane
610 1103 768 1185 differunt,
796 1103 882 1183 quod
907 1103 1041 1186 primum
1069 1110 1164 1184 eaput
1191 1103 1230 1166 de
1268 1117 1283 1167 5

126 1227 243 1292 homine
274 1228 434 1311 peoudeue
467 1229 579 1293 oooisis
607 1229 757 1310 loquitur,
786 1229 912 1293 tertium
940 1233 1044 1291 autem
1073 1231 1119 1306 (ut
1146 1227 1229 1308 olim,

124 1372 199 1416 nune
221 1371 299 1416 uero
323 1353 505 1437 seeundum)
526 1354 565 1417 de
582 1354 693 1418 ueteris
717 1353 839 1417 damnis
856 1351 971 1416 adlatis
987 1357 1173 1436 pertractat,
1198 1351 1231 1414 in

125 1495 158 1540 eo
181 1496 305 1558 quoque
328 1477 484 1556 differunt,
509 1478 593 1558 quod
608 1498 646 1543 ex
662 1478 763 1562 primo
787 1478 891 1560 eapite
915 1477 1023 1558 quanti
1038 1477 1071 1540 in
1091 1495 1129 1540 eo
1146 1495 1228 1540 anno

123 1619 170 1663 res
197 1601 324 1684 plurimi
354 1602 449 1666 fuerit
477 1602 572 1666 iudex
600 1603 768 1666 aestimare
799 1602 908 1683 debet,
938 1621 977 1666 ex
1005 1601 1097 1666 tertio
1126 1607 1230 1664 autem

81 1725 225 1806 loquenti
264 1725 296 1788 in
338 1725 468 1808 triginta
510 1726 620 1790 diebus
663 1726 822 1810 proximis,
877 1730 925 1791 15.
952 1726 1090 1789 Verbum
1125 1729 1230 1788 autem
1250 1737 1284 1787 10
1327 1701 1330 1706 Ι

124 1848 271 1930 ›plurimi‹
296 1850 380 1932 quod
403 1851 467 1915 illio
488 1851 634 1932 adioitur,
657 1851 712 1950 bio
731 1824 1005 1934 praetermittitur,
1029 1858 1064 1914 ut
1086 1849 1230 1913 uideatur

122 1973 248 2037 liberum
273 1995 344 2039 esse
367 1975 464 2038 iudioi
484 1982 585 2039 utrum
609 1975 650 2039 ad
673 1995 744 2039 eum
764 1975 846 2039 diem
871 1995 910 2038 ex
933 1975 1063 2058 triginta
1078 1973 1229 2057 proximis

122 2099 250 2179 pretium
270 2099 381 2162 referri
397 2099 483 2180 uelit,
503 2118 564 2179 quo
580 2119 631 2163 res
646 2099 766 2164 minimi
781 2099 877 2164 fuerit
893 2104 924 2163 et
938 2099 984 2164 ita
998 2119 1053 2164 reo
1070 2098 1228 2181 opitulari,

122 2242 159 2286 an
181 2223 222 2286 ad
245 2223 343 2299 illum,
368 2243 430 2303 quo
452 2243 504 2287 res
526 2223 656 2286 maximi
678 2223 781 2306 fuerit,
804 2229 836 2288 et
850 2223 896 2286 ita
912 2223 1013 2288 autori
1027 2223 1145 2287 fauore.
1179 2230 1228 2287 set

122 2345 291 2411 rectissime
314 2346 451 2411 Sabinus
475 2347 520 2411 ait
534 2346 664 2430 perinde
680 2347 859 2411 habendam
878 2347 1138 2428 aestimationem,
1162 2347 1229 2411 aosi
1248 2356 1282 2408 lb

122 2471 210 2535 etiam
234 2472 295 2535 hae
318 2478 409 2554 parte
426 2471 578 2554 »plurimi«
594 2473 725 2536 uerbum
741 2477 825 2536 esset
840 2471 1005 2536 adiectum.
1039 2471 1130 2554 plebs
1146 2471 1229 2534 enim

121 2614 261 2678 romana,
294 2615 363 2660 oum
395 2603 536 2680 tempore
569 2596 773 2661 dissensionis
802 2596 884 2660 inter
911 2595 1036 2678 plebem
1064 2601 1095 2658 et
1121 2600 1229 2678 patres

120 2719 259 2800 Aquilius
296 2720 376 2784 hane
410 2721 514 2804 legem
545 2728 687 2804 rogaret,
723 2727 871 2785 contenta
902 2720 974 2801 fuit,
1010 2720 1094 2800 quod
1127 2719 1229 2802 prima

77 2851 205 2925 tuparte
240 2844 274 2907 id
306 2845 437 2909 uerbum
465 2845 617 2928 »plurimi«
646 2845 782 2928 positum
810 2851 902 2909 esset.
959 2847 1008 2910 16.
1031 2843 1229 2908 Generaliter

120 2974 221 3033 autem
257 2967 465 3034 deliniendum
498 2974 548 3033 est
576 2969 701 3052 qnando
726 2969 847 3034 direota
868 2968 950 3051 legis
978 2968 1116 3048 aquiliae
1144 2967 1282 3033 actioso

120 3099 290 3176 competat,
315 3093 440 3174 quando
464 3113 540 3159 uero
564 3094 657 3158 utilis.
703 3101 734 3159 et
757 3100 830 3158 ante
859 3093 965 3158 omnia
992 3092 1153 3158 soiendum
1181 3099 1230 3158 est

119 3237 156 3281 ex
189 3219 263 3300 lege
298 3217 454 3283 actionem
481 3238 566 3300 esse,
594 3219 622 3284 si
650 3219 774 3302 corpori
801 3218 949 3282 damnum
978 3218 1075 3282 detur.
1126 3225 1174 3282 set
1201 3217 1229 3282 si

119 3342 243 3422 quidem
277 3363 408 3426 eorpore
441 3343 588 3408 damnum
620 3343 726 3408 datum
760 3349 809 3407 est
841 3343 934 3427 (sorte
967 3342 1050 3407 enim
1083 3343 1228 3406 manibus

117 3466 217 3548 nudis,
253 3473 308 3532 aut
333 3467 420 3550 ligno
449 3473 504 3532 aut
529 3467 649 3551 lapide,
683 3475 738 3532 aut
771 3467 835 3532 alio
864 3466 989 3532 demum
1022 3467 1228 3532 instrumento

117 3592 293 3672 perentiens
322 3591 428 3674 oooisi,
452 3598 507 3656 aut
528 3592 714 3675 uulneraui),
738 3592 858 3656 direota
882 3591 963 3674 legis
989 3590 1127 3672 aquiliae
1143 3591 1226 3656 aetio
1246 3607 1282 3658 25Ὶ

118 3723 280 3799 oompetet.
326 3716 354 3782 si
377 3735 452 3781 uero
476 3716 599 3799 eorpori
622 3716 747 3797 quidem
771 3715 918 3782 damnum
942 3715 1135 3797 detumeat,
1162 3734 1227 3780 non
