<?xml version="1.0" encoding="UTF-8"?>
<!DOCTYPE html PUBLIC "-//W3C//DTD XHTML 1.0 Transitional//EN"
    "http://www.w3.org/TR/xhtml1/DTD/xhtml1-transitional.dtd">
<html xmlns="http://www.w3.org/1999/xhtml" xml:lang="en" lang="en">
 <head>
  <title>
</title>
<meta http-equiv="Content-Type" content="text/html;charset=utf-8" />
  <meta name='ocr-system' content='tesseract 3.04.00' />
  <meta name='ocr-capabilities' content='ocr_page ocr_carea ocr_par ocr_line ocrx_word'/>
</head>
<body>
  <div class='ocr_page' id='page_1' title='image "./institutionumgr01linggoog_0379.png"; bbox 0 0 3328 5318; ppageno 0'>
   <div class='ocr_carea' id='block_1_1' title="bbox 567 373 726 436">
    <p class='ocr_par' dir='ltr' id='par_1_1' title="bbox 567 373 813 436">
     <span class='ocr_line' id='line_1_1' title="bbox 567 373 726 436; baseline 0.012 -2"><span class='ocrx_word' id='word_1_1' title='bbox 567 407 608 416; x_wconf 88' lang='lat'>--</span> <span class='ocrx_word' id='word_1_2' title='bbox 662 373 726 436; x_wconf 80' lang='lat'>435</span> 
     </span>
    </p>
   </div>
   <div class='ocr_carea' id='block_1_2' title="bbox 82 546 1337 3494">
    <p class='ocr_par' dir='ltr' id='par_1_2' title="bbox 82 546 1337 3494">
     <span class='ocr_line' id='line_1_2' title="bbox 133 546 1248 628; baseline 0.004 -20"><span class='ocrx_word' id='word_1_3' title='bbox 133 565 278 628; x_wconf 89' lang='lat' dir='ltr'>compos,</span> <span class='ocrx_word' id='word_1_4' title='bbox 310 553 412 610; x_wconf 91' lang='lat' dir='ltr'>tecum</span> <span class='ocrx_word' id='word_1_5' title='bbox 442 546 578 611; x_wconf 90' lang='lat' dir='ltr'>dedolo</span> <span class='ocrx_word' id='word_1_6' title='bbox 608 567 701 628; x_wconf 83' lang='lat' dir='ltr'>agam</span> <span class='ocrx_word' id='word_1_7' title='bbox 729 553 774 628; x_wconf 87' lang='lat' dir='ltr'>ei,</span> <span class='ocrx_word' id='word_1_8' title='bbox 804 547 831 611; x_wconf 87' lang='lat' dir='ltr'>si</span> <span class='ocrx_word' id='word_1_9' title='bbox 859 553 931 611; x_wconf 92' lang='lat' dir='ltr'>ante</span> <span class='ocrx_word' id='word_1_10' title='bbox 959 548 1248 612; x_wconf 77' lang='lat' dir='ltr'>condemnationem</span> 
     </span>
     <span class='ocr_line' id='line_1_3' title="bbox 133 671 1248 756; baseline 0.004 -23"><span class='ocrx_word' id='word_1_11' title='bbox 133 691 200 734; x_wconf 90' lang='lat' dir='ltr'>rem</span> <span class='ocrx_word' id='word_1_12' title='bbox 216 671 291 734; x_wconf 93' lang='lat' dir='ltr'>mihi</span> <span class='ocrx_word' id='word_1_13' title='bbox 308 671 465 752; x_wconf 88' lang='lat' dir='ltr'>restituas,</span> <span class='ocrx_word' id='word_1_14' title='bbox 491 672 778 736; x_wconf 80' lang='lat' dir='ltr'>condemnationem</span> <span class='ocrx_word' id='word_1_15' title='bbox 795 672 911 736; x_wconf 84' lang='lat' dir='ltr'>nitebis</span> <span class='ocrx_word' id='word_1_16' title='bbox 928 678 958 736; x_wconf 91' lang='lat' dir='ltr'>et</span> <span class='ocrx_word' id='word_1_17' title='bbox 973 673 1143 756; x_wconf 84' lang='lat' dir='ltr'>infamiam,</span> <span class='ocrx_word' id='word_1_18' title='bbox 1167 693 1248 754; x_wconf 90' lang='lat' dir='ltr'>quae</span> 
     </span>
     <span class='ocr_line' id='line_1_4' title="bbox 134 795 1249 878; baseline 0.004 -20"><span class='ocrx_word' id='word_1_19' title='bbox 134 795 209 858; x_wconf 90' lang='lat' dir='ltr'>inde</span> <span class='ocrx_word' id='word_1_20' title='bbox 228 795 333 860; x_wconf 88' lang='lat' dir='ltr'>oritur.</span> <span class='ocrx_word' id='word_1_21' title='bbox 369 797 410 860; x_wconf 90' lang='lat' dir='ltr'>ad</span> <span class='ocrx_word' id='word_1_22' title='bbox 426 797 634 861; x_wconf 85' lang='lat' dir='ltr'>exhibendum</span> <span class='ocrx_word' id='word_1_23' title='bbox 651 817 773 878; x_wconf 89' lang='lat' dir='ltr'>quoque</span> <span class='ocrx_word' id='word_1_24' title='bbox 791 797 872 860; x_wconf 87' lang='lat' dir='ltr'>actio</span> <span class='ocrx_word' id='word_1_25' title='bbox 890 797 1058 861; x_wconf 88' lang='lat' dir='ltr'>arbitraria</span> <span class='ocrx_word' id='word_1_26' title='bbox 1082 804 1136 863; x_wconf 89' lang='lat' dir='ltr'>est.</span> <span class='ocrx_word' id='word_1_27' title='bbox 1177 819 1249 862; x_wconf 88' lang='lat' dir='ltr'>nam</span> 
     </span>
     <span class='ocr_line' id='line_1_5' title="bbox 134 919 1250 1002; baseline 0.004 -20"><span class='ocrx_word' id='word_1_28' title='bbox 134 919 161 982; x_wconf 90' lang='lat' dir='ltr'>si</span> <span class='ocrx_word' id='word_1_29' title='bbox 185 939 252 984; x_wconf 91' lang='lat' dir='ltr'>rem</span> <span class='ocrx_word' id='word_1_30' title='bbox 276 940 370 1000; x_wconf 87' lang='lat' dir='ltr'>quam</span> <span class='ocrx_word' id='word_1_31' title='bbox 398 927 492 985; x_wconf 89' lang='lat' dir='ltr'>antea</span> <span class='ocrx_word' id='word_1_32' title='bbox 522 922 703 985; x_wconf 87' lang='lat' dir='ltr'>occultabas</span> <span class='ocrx_word' id='word_1_33' title='bbox 732 921 896 1002; x_wconf 81' lang='lat' dir='ltr'>exhibeas,</span> <span class='ocrx_word' id='word_1_34' title='bbox 926 940 988 984; x_wconf 90' lang='lat' dir='ltr'>non</span> <span class='ocrx_word' id='word_1_35' title='bbox 1017 922 1079 986; x_wconf 90' lang='lat' dir='ltr'>eris</span> <span class='ocrx_word' id='word_1_36' title='bbox 1107 923 1250 987; x_wconf 88' lang='lat' dir='ltr'>condem·</span> 
     </span>
     <span class='ocr_line' id='line_1_6' title="bbox 132 1044 1303 1116; baseline 0.005 -10"><span class='ocrx_word' id='word_1_37' title='bbox 132 1044 266 1107; x_wconf 86' lang='lat' dir='ltr'>naudus.</span> <span class='ocrx_word' id='word_1_38' title='bbox 312 1045 345 1107; x_wconf 95' lang='lat' dir='ltr'>in</span> <span class='ocrx_word' id='word_1_39' title='bbox 368 1044 416 1108; x_wconf 93' lang='lat' dir='ltr'>his</span> <span class='ocrx_word' id='word_1_40' title='bbox 440 1045 523 1108; x_wconf 90' lang='lat' dir='ltr'>enim</span> <span class='ocrx_word' id='word_1_41' title='bbox 547 1045 690 1108; x_wconf 88' lang='lat' dir='ltr'>omnibus</span> <span class='ocrx_word' id='word_1_42' title='bbox 714 1045 890 1108; x_wconf 85' lang='lat' dir='ltr'>actionibus</span> <span class='ocrx_word' id='word_1_43' title='bbox 914 1051 946 1109; x_wconf 89' lang='lat' dir='ltr'>et</span> <span class='ocrx_word' id='word_1_44' title='bbox 962 1047 1074 1110; x_wconf 87' lang='lat' dir='ltr'>ceteris</span> <span class='ocrx_word' id='word_1_45' title='bbox 1098 1047 1251 1111; x_wconf 83' lang='lat' dir='ltr'>similibus</span> <span class='ocrx_word' id='word_1_46' title='bbox 1289 1066 1303 1116; x_wconf 80' lang='lat' dir='ltr'>u</span> 
     </span>
     <span class='ocr_line' id='line_1_7' title="bbox 134 1167 1250 1250; baseline 0.005 -20"><span class='ocrx_word' id='word_1_47' title='bbox 134 1167 325 1250; x_wconf 83' lang='lat' dir='ltr'>permittitur</span> <span class='ocrx_word' id='word_1_48' title='bbox 341 1168 436 1232; x_wconf 91' lang='lat' dir='ltr'>iudici</span> <span class='ocrx_word' id='word_1_49' title='bbox 452 1189 492 1232; x_wconf 86' lang='lat' dir='ltr'>ex</span> <span class='ocrx_word' id='word_1_50' title='bbox 508 1170 590 1233; x_wconf 92' lang='lat' dir='ltr'>bono</span> <span class='ocrx_word' id='word_1_51' title='bbox 604 1176 636 1234; x_wconf 89' lang='lat' dir='ltr'>et</span> <span class='ocrx_word' id='word_1_52' title='bbox 649 1189 749 1250; x_wconf 90' lang='lat' dir='ltr'>aequo</span> <span class='ocrx_word' id='word_1_53' title='bbox 767 1169 936 1234; x_wconf 89' lang='lat' dir='ltr'>secundum</span> <span class='ocrx_word' id='word_1_54' title='bbox 953 1171 1102 1250; x_wconf 82' lang='lat' dir='ltr'>oniasque</span> <span class='ocrx_word' id='word_1_55' title='bbox 1119 1171 1250 1236; x_wconf 87' lang='lat' dir='ltr'>actionis</span> 
     </span>
     <span class='ocr_line' id='line_1_8' title="bbox 133 1293 1250 1374; baseline 0.004 -19"><span class='ocrx_word' id='word_1_56' title='bbox 133 1297 281 1356; x_wconf 89' lang='lat' dir='ltr'>naturam</span> <span class='ocrx_word' id='word_1_57' title='bbox 312 1293 479 1356; x_wconf 86' lang='lat' dir='ltr'>aestimare</span> <span class='ocrx_word' id='word_1_58' title='bbox 508 1299 539 1357; x_wconf 86' lang='lat' dir='ltr'>ot</span> <span class='ocrx_word' id='word_1_59' title='bbox 571 1293 710 1358; x_wconf 86' lang='lat' dir='ltr'>iudicare</span> <span class='ocrx_word' id='word_1_60' title='bbox 744 1293 1004 1374; x_wconf 86' lang='lat' dir='ltr'>quemadmodum</span> <span class='ocrx_word' id='word_1_61' title='bbox 1033 1297 1132 1360; x_wconf 90' lang='lat' dir='ltr'>actori</span> <span class='ocrx_word' id='word_1_62' title='bbox 1161 1297 1250 1360; x_wconf 86' lang='lat' dir='ltr'>satis·</span> 
     </span>
     <span class='ocr_line' id='line_1_9' title="bbox 82 1416 1250 1502; baseline 0.009 -28"><span class='ocrx_word' id='word_1_63' title='bbox 82 1423 123 1473; x_wconf 81' lang='lat'>32.</span> <span class='ocrx_word' id='word_1_64' title='bbox 134 1416 205 1480; x_wconf 90' lang='lat' dir='ltr'>fieri</span> <span class='ocrx_word' id='word_1_65' title='bbox 227 1418 401 1481; x_wconf 87' lang='lat' dir='ltr'>conueniat.</span> <span class='ocrx_word' id='word_1_66' title='bbox 449 1418 660 1484; x_wconf 69' lang='lat' dir='ltr'>antuniana</span> <span class='ocrx_word' id='word_1_67' title='bbox 690 1439 812 1500; x_wconf 89' lang='lat' dir='ltr'>quoque</span> <span class='ocrx_word' id='word_1_68' title='bbox 836 1419 996 1484; x_wconf 87' lang='lat' dir='ltr'>hortamur</span> <span class='ocrx_word' id='word_1_69' title='bbox 1018 1427 1066 1502; x_wconf 92' lang='lat' dir='ltr'>ut,</span> <span class='ocrx_word' id='word_1_70' title='bbox 1096 1427 1250 1501; x_wconf 89' lang='lat' dir='ltr'>quatenus</span> 
     </span>
     <span class='ocr_line' id='line_1_10' title="bbox 130 1540 1249 1624; baseline 0.006 -21"><span class='ocrx_word' id='word_1_71' title='bbox 130 1540 202 1604; x_wconf 90' lang='lat' dir='ltr'>fieri</span> <span class='ocrx_word' id='word_1_72' title='bbox 225 1546 344 1624; x_wconf 86' lang='lat' dir='ltr'>potest,</span> <span class='ocrx_word' id='word_1_73' title='bbox 373 1542 516 1606; x_wconf 87' lang='lat' dir='ltr'>reumin</span> <span class='ocrx_word' id='word_1_74' title='bbox 540 1549 657 1606; x_wconf 87' lang='lat' dir='ltr'>certam</span> <span class='ocrx_word' id='word_1_75' title='bbox 687 1563 838 1607; x_wconf 91' lang='lat' dir='ltr'>summam</span> <span class='ocrx_word' id='word_1_76' title='bbox 861 1545 913 1608; x_wconf 91' lang='lat' dir='ltr'>uel</span> <span class='ocrx_word' id='word_1_77' title='bbox 937 1551 1054 1610; x_wconf 89' lang='lat' dir='ltr'>certam</span> <span class='ocrx_word' id='word_1_78' title='bbox 1082 1565 1148 1609; x_wconf 88' lang='lat' dir='ltr'>rem</span> <span class='ocrx_word' id='word_1_79' title='bbox 1177 1565 1249 1610; x_wconf 93' lang='lat' dir='ltr'>con·</span> 
     </span>
     <span class='ocr_line' id='line_1_11' title="bbox 134 1667 1304 1754; baseline 0.005 -25"><span class='ocrx_word' id='word_1_80' title='bbox 134 1667 272 1749; x_wconf 88' lang='lat' dir='ltr'>demnet,</span> <span class='ocrx_word' id='word_1_81' title='bbox 298 1667 392 1732; x_wconf 88' lang='lat' dir='ltr'>etiam</span> <span class='ocrx_word' id='word_1_82' title='bbox 416 1667 444 1732; x_wconf 89' lang='lat' dir='ltr'>si</span> <span class='ocrx_word' id='word_1_83' title='bbox 466 1668 587 1732; x_wconf 85' lang='lat' dir='ltr'>incerta</span> <span class='ocrx_word' id='word_1_84' title='bbox 610 1669 651 1732; x_wconf 90' lang='lat' dir='ltr'>sit</span> <span class='ocrx_word' id='word_1_85' title='bbox 674 1669 758 1752; x_wconf 89' lang='lat' dir='ltr'>apud</span> <span class='ocrx_word' id='word_1_86' title='bbox 781 1690 851 1733; x_wconf 89' lang='lat' dir='ltr'>eum</span> <span class='ocrx_word' id='word_1_87' title='bbox 874 1670 1005 1734; x_wconf 90' lang='lat' dir='ltr'>intentio</span> <span class='ocrx_word' id='word_1_88' title='bbox 1030 1675 1195 1754; x_wconf 89' lang='lat' dir='ltr'>concepta:</span> <span class='ocrx_word' id='word_1_89' title='bbox 1221 1675 1251 1734; x_wconf 92' lang='lat' dir='ltr'>et</span> <span class='ocrx_word' id='word_1_90' title='bbox 1271 1685 1304 1735; x_wconf 87' lang='lat'>10</span> 
     </span>
     <span class='ocr_line' id='line_1_12' title="bbox 130 1761 1250 1859; baseline 0.004 -5"><span class='ocrx_word' id='word_1_91' title='bbox 130 1761 179 1854; x_wconf 85' lang='lat' dir='ltr'>ita</span> <span class='ocrx_word' id='word_1_92' title='bbox 202 1791 301 1856; x_wconf 90' lang='lat' dir='ltr'>dicat:</span> <span class='ocrx_word' id='word_1_93' title='bbox 327 1793 453 1856; x_wconf 84' lang='lat' dir='ltr'>»illum</span> <span class='ocrx_word' id='word_1_94' title='bbox 481 1793 688 1858; x_wconf 90' lang='lat' dir='ltr'>condemno</span> <span class='ocrx_word' id='word_1_95' title='bbox 711 1794 748 1857; x_wconf 89' lang='lat' dir='ltr'>in</span> <span class='ocrx_word' id='word_1_96' title='bbox 773 1794 796 1858; x_wconf 84' lang='lat' dir='ltr'>O</span> <span class='ocrx_word' id='word_1_97' title='bbox 820 1814 975 1859; x_wconf 81' lang='lat' dir='ltr'>aureos«</span> <span class='ocrx_word' id='word_1_98' title='bbox 998 1795 1050 1859; x_wconf 91' lang='lat' dir='ltr'>uel</span> <span class='ocrx_word' id='word_1_99' title='bbox 1075 1795 1250 1859; x_wconf 84' lang='lat' dir='ltr'>‘illumin</span> 
     </span>
     <span class='ocr_line' id='line_1_13' title="bbox 129 1915 1249 2000; baseline 0.004 -21"><span class='ocrx_word' id='word_1_100' title='bbox 129 1915 228 1980; x_wconf 89' lang='lat' dir='ltr'>hanc</span> <span class='ocrx_word' id='word_1_101' title='bbox 250 1936 326 1981; x_wconf 92' lang='lat' dir='ltr'>rem</span> <span class='ocrx_word' id='word_1_102' title='bbox 349 1917 583 2000; x_wconf 73' lang='lat' dir='ltr'>condemno,</span> <span class='ocrx_word' id='word_1_103' title='bbox 608 1938 709 2000; x_wconf 89' lang='lat' dir='ltr'>neque</span> <span class='ocrx_word' id='word_1_104' title='bbox 734 1919 779 1982; x_wconf 87' lang='lat' dir='ltr'>sio</span> <span class='ocrx_word' id='word_1_105' title='bbox 800 1919 881 1983; x_wconf 86' lang='lat' dir='ltr'>ferat</span> <span class='ocrx_word' id='word_1_106' title='bbox 899 1919 1100 1984; x_wconf 89' lang='lat' dir='ltr'>senteutiam:</span> <span class='ocrx_word' id='word_1_107' title='bbox 1125 1922 1249 1999; x_wconf 87' lang='lat' dir='ltr'>‘quan-</span> 
     </span>
     <span class='ocr_line' id='line_1_14' title="bbox 130 2040 1251 2126; baseline 0.003 -22"><span class='ocrx_word' id='word_1_108' title='bbox 130 2040 208 2125; x_wconf 75' lang='lat' dir='ltr'>tum</span> <span class='ocrx_word' id='word_1_109' title='bbox 232 2041 337 2106; x_wconf 87' lang='lat' dir='ltr'>illum</span> <span class='ocrx_word' id='word_1_110' title='bbox 366 2042 505 2106; x_wconf 90' lang='lat' dir='ltr'>debere</span> <span class='ocrx_word' id='word_1_111' title='bbox 536 2043 783 2126; x_wconf 89' lang='lat' dir='ltr'>apparuerit’:</span> <span class='ocrx_word' id='word_1_112' title='bbox 813 2043 967 2108; x_wconf 91' lang='lat' dir='ltr'>eiusmodi</span> <span class='ocrx_word' id='word_1_113' title='bbox 990 2043 1072 2108; x_wconf 90' lang='lat' dir='ltr'>enim</span> <span class='ocrx_word' id='word_1_114' title='bbox 1096 2043 1251 2108; x_wconf 85' lang='lat' dir='ltr'>sententia</span> 
     </span>
     <span class='ocr_line' id='line_1_15' title="bbox 132 2151 1250 2249; baseline 0.002 -20"><span class='ocrx_word' id='word_1_115' title='bbox 132 2186 199 2230; x_wconf 92' lang='lat' dir='ltr'>non</span> <span class='ocrx_word' id='word_1_116' title='bbox 229 2171 294 2230; x_wconf 85' lang='lat' dir='ltr'>tam</span> <span class='ocrx_word' id='word_1_117' title='bbox 323 2167 556 2232; x_wconf 88' lang='lat' dir='ltr'>controuersiae</span> <span class='ocrx_word' id='word_1_118' title='bbox 584 2167 675 2231; x_wconf 91' lang='lat' dir='ltr'>huius</span> <span class='ocrx_word' id='word_1_119' title='bbox 703 2167 773 2231; x_wconf 90' lang='lat' dir='ltr'>finis</span> <span class='ocrx_word' id='word_1_120' title='bbox 801 2151 972 2249; x_wconf 88' lang='lat' dir='ltr'>uideretur,</span> <span class='ocrx_word' id='word_1_121' title='bbox 1001 2187 1094 2248; x_wconf 86' lang='lat' dir='ltr'>quam</span> <span class='ocrx_word' id='word_1_122' title='bbox 1122 2168 1250 2232; x_wconf 86' lang='lat' dir='ltr'>alterius</span> 
     </span>
     <span class='ocr_line' id='line_1_16' title="bbox 82 2289 1303 2374; baseline 0.004 -22"><span class='ocrx_word' id='word_1_123' title='bbox 82 2302 121 2354; x_wconf 84' lang='lat'>33.</span> <span class='ocrx_word' id='word_1_124' title='bbox 131 2289 202 2354; x_wconf 91' lang='lat' dir='ltr'>litis</span> <span class='ocrx_word' id='word_1_125' title='bbox 219 2290 349 2354; x_wconf 90' lang='lat' dir='ltr'>initium.</span> <span class='ocrx_word' id='word_1_126' title='bbox 385 2293 435 2356; x_wconf 86' lang='lat'>33.</span> <span class='ocrx_word' id='word_1_127' title='bbox 452 2292 598 2355; x_wconf 84' lang='lat' dir='ltr'>Actorem</span> <span class='ocrx_word' id='word_1_128' title='bbox 623 2311 745 2372; x_wconf 88' lang='lat' dir='ltr'>quoque</span> <span class='ocrx_word' id='word_1_129' title='bbox 761 2291 928 2374; x_wconf 82' lang='lat' dir='ltr'>hortamur,</span> <span class='ocrx_word' id='word_1_130' title='bbox 952 2296 986 2354; x_wconf 88' lang='lat' dir='ltr'>ut</span> <span class='ocrx_word' id='word_1_131' title='bbox 1002 2291 1202 2356; x_wconf 86' lang='lat' dir='ltr'>intentionem</span> <span class='ocrx_word' id='word_1_132' title='bbox 1218 2292 1251 2355; x_wconf 89' lang='lat' dir='ltr'>in</span> <span class='ocrx_word' id='word_1_133' title='bbox 1271 2307 1303 2357; x_wconf 80' lang='lat'>15</span> 
     </span>
     <span class='ocr_line' id='line_1_17' title="bbox 130 2402 1251 2498; baseline 0 -20"><span class='ocrx_word' id='word_1_134' title='bbox 130 2402 178 2497; x_wconf 91' lang='lat' dir='ltr'>id,</span> <span class='ocrx_word' id='word_1_135' title='bbox 204 2415 288 2495; x_wconf 92' lang='lat' dir='ltr'>quod</span> <span class='ocrx_word' id='word_1_136' title='bbox 311 2415 341 2479; x_wconf 89' lang='lat' dir='ltr'>ei</span> <span class='ocrx_word' id='word_1_137' title='bbox 365 2434 479 2480; x_wconf 90' lang='lat' dir='ltr'>reuera</span> <span class='ocrx_word' id='word_1_138' title='bbox 500 2415 631 2480; x_wconf 88' lang='lat' dir='ltr'>debetur</span> <span class='ocrx_word' id='word_1_139' title='bbox 657 2416 820 2498; x_wconf 89' lang='lat' dir='ltr'>concipiat.</span> <span class='ocrx_word' id='word_1_140' title='bbox 863 2415 984 2479; x_wconf 86' lang='lat' dir='ltr'>namsi</span> <span class='ocrx_word' id='word_1_141' title='bbox 1007 2415 1140 2498; x_wconf 88' lang='lat' dir='ltr'>amplius</span> <span class='ocrx_word' id='word_1_142' title='bbox 1165 2421 1251 2498; x_wconf 88' lang='lat' dir='ltr'>petat</span> 
     </span>
     <span class='ocr_line' id='line_1_18' title="bbox 133 2539 1337 2624; baseline 0.002 -22"><span class='ocrx_word' id='word_1_143' title='bbox 133 2559 231 2621; x_wconf 86' lang='lat' dir='ltr'>quam</span> <span class='ocrx_word' id='word_1_144' title='bbox 263 2539 293 2602; x_wconf 90' lang='lat' dir='ltr'>ei</span> <span class='ocrx_word' id='word_1_145' title='bbox 321 2539 486 2622; x_wconf 87' lang='lat' dir='ltr'>debeatur,</span> <span class='ocrx_word' id='word_1_146' title='bbox 516 2541 626 2624; x_wconf 73' lang='lat' dir='ltr'>(ueluti</span> <span class='ocrx_word' id='word_1_147' title='bbox 652 2541 680 2604; x_wconf 90' lang='lat' dir='ltr'>si</span> <span class='ocrx_word' id='word_1_148' title='bbox 707 2561 776 2604; x_wconf 91' lang='lat' dir='ltr'>oum</span> <span class='ocrx_word' id='word_1_149' title='bbox 802 2541 833 2603; x_wconf 91' lang='lat' dir='ltr'>X</span> <span class='ocrx_word' id='word_1_150' title='bbox 854 2541 884 2604; x_wconf 90' lang='lat' dir='ltr'>ei</span> <span class='ocrx_word' id='word_1_151' title='bbox 904 2540 1106 2621; x_wconf 87' lang='lat' dir='ltr'>deberentur,</span> <span class='ocrx_word' id='word_1_152' title='bbox 1135 2541 1167 2604; x_wconf 90' lang='lat' dir='ltr'>in</span> <span class='ocrx_word' id='word_1_153' title='bbox 1192 2541 1250 2604; x_wconf 88' lang='lat' dir='ltr'>XV</span> <span class='ocrx_word' id='word_1_154' title='bbox 1335 2558 1337 2566; x_wconf 89' lang='lat'>·</span> 
     </span>
     <span class='ocr_line' id='line_1_19' title="bbox 132 2662 1250 2746; baseline 0 -20"><span class='ocrx_word' id='word_1_155' title='bbox 132 2662 317 2746; x_wconf 87' lang='lat' dir='ltr'>intenderit)</span> <span class='ocrx_word' id='word_1_156' title='bbox 345 2683 408 2727; x_wconf 92' lang='lat' dir='ltr'>non</span> <span class='ocrx_word' id='word_1_157' title='bbox 437 2665 538 2728; x_wconf 88' lang='lat' dir='ltr'>solum</span> <span class='ocrx_word' id='word_1_158' title='bbox 567 2665 715 2746; x_wconf 88' lang='lat' dir='ltr'>quinque,</span> <span class='ocrx_word' id='word_1_159' title='bbox 749 2683 830 2745; x_wconf 84' lang='lat' dir='ltr'>quoe</span> <span class='ocrx_word' id='word_1_160' title='bbox 857 2683 919 2727; x_wconf 92' lang='lat' dir='ltr'>non</span> <span class='ocrx_word' id='word_1_161' title='bbox 946 2663 1155 2746; x_wconf 87' lang='lat' dir='ltr'>debebantur,</span> <span class='ocrx_word' id='word_1_162' title='bbox 1187 2684 1250 2728; x_wconf 92' lang='lat' dir='ltr'>non</span> 
     </span>
     <span class='ocr_line' id='line_1_20' title="bbox 134 2788 1250 2870; baseline 0 -19"><span class='ocrx_word' id='word_1_163' title='bbox 134 2793 349 2867; x_wconf 78' lang='lat' dir='ltr'>consequetur</span> <span class='ocrx_word' id='word_1_164' title='bbox 371 2795 420 2852; x_wconf 89' lang='lat' dir='ltr'>set</span> <span class='ocrx_word' id='word_1_165' title='bbox 443 2808 481 2852; x_wconf 91' lang='lat' dir='ltr'>ea</span> <span class='ocrx_word' id='word_1_166' title='bbox 505 2809 630 2870; x_wconf 90' lang='lat' dir='ltr'>quoqne</span> <span class='ocrx_word' id='word_1_167' title='bbox 654 2789 776 2870; x_wconf 88' lang='lat' dir='ltr'>decem,</span> <span class='ocrx_word' id='word_1_168' title='bbox 805 2808 885 2869; x_wconf 89' lang='lat' dir='ltr'>qnae</span> <span class='ocrx_word' id='word_1_169' title='bbox 908 2807 1020 2853; x_wconf 85' lang='lat' dir='ltr'>reuera</span> <span class='ocrx_word' id='word_1_170' title='bbox 1048 2788 1250 2870; x_wconf 90' lang='lat' dir='ltr'>debebantur,</span> 
     </span>
     <span class='ocr_line' id='line_1_21' title="bbox 133 2911 1304 2996; baseline 0.002 -20"><span class='ocrx_word' id='word_1_171' title='bbox 133 2911 249 2994; x_wconf 89' lang='lat' dir='ltr'>perdit.</span> <span class='ocrx_word' id='word_1_172' title='bbox 288 2932 327 2976; x_wconf 91' lang='lat' dir='ltr'>ea</span> <span class='ocrx_word' id='word_1_173' title='bbox 344 2917 448 2978; x_wconf 86' lang='lat' dir='ltr'>autem</span> <span class='ocrx_word' id='word_1_174' title='bbox 467 2914 551 2996; x_wconf 92' lang='lat' dir='ltr'>plus</span> <span class='ocrx_word' id='word_1_175' title='bbox 574 2914 777 2996; x_wconf 89' lang='lat' dir='ltr'>petitionis</span> <span class='ocrx_word' id='word_1_176' title='bbox 794 2913 931 2978; x_wconf 88' lang='lat' dir='ltr'>definitio</span> <span class='ocrx_word' id='word_1_177' title='bbox 950 2919 1010 2977; x_wconf 90' lang='lat' dir='ltr'>est:</span> <span class='ocrx_word' id='word_1_178' title='bbox 1034 2913 1134 2977; x_wconf 86' lang='lat' dir='ltr'>falsa</span> <span class='ocrx_word' id='word_1_179' title='bbox 1149 2913 1250 2977; x_wconf 91' lang='lat' dir='ltr'>ueris</span> <span class='ocrx_word' id='word_1_180' title='bbox 1269 2926 1304 2978; x_wconf 79' lang='lat'>20</span> 
     </span>
     <span class='ocr_line' id='line_1_22' title="bbox 135 3035 1250 3120; baseline 0.003 -22"><span class='ocrx_word' id='word_1_181' title='bbox 135 3035 393 3101; x_wconf 89' lang='lat' dir='ltr'>commiscere.</span> <span class='ocrx_word' id='word_1_182' title='bbox 444 3057 546 3118; x_wconf 88' lang='lat' dir='ltr'>neque</span> <span class='ocrx_word' id='word_1_183' title='bbox 575 3038 755 3120; x_wconf 88' lang='lat' dir='ltr'>adiuuatur,</span> <span class='ocrx_word' id='word_1_184' title='bbox 783 3058 885 3118; x_wconf 91' lang='lat' dir='ltr'>neque</span> <span class='ocrx_word' id='word_1_185' title='bbox 915 3038 1009 3102; x_wconf 88' lang='lat' dir='ltr'>facile</span> <span class='ocrx_word' id='word_1_186' title='bbox 1037 3039 1070 3102; x_wconf 90' lang='lat' dir='ltr'>in</span> <span class='ocrx_word' id='word_1_187' title='bbox 1097 3037 1250 3119; x_wconf 84' lang='lat' dir='ltr'>integrum</span> 
     </span>
     <span class='ocr_line' id='line_1_23' title="bbox 136 3159 1249 3244; baseline 0.002 -22"><span class='ocrx_word' id='word_1_188' title='bbox 136 3159 337 3224; x_wconf 88' lang='lat' dir='ltr'>restitutione</span> <span class='ocrx_word' id='word_1_189' title='bbox 361 3161 490 3244; x_wconf 87' lang='lat' dir='ltr'>fructur,</span> <span class='ocrx_word' id='word_1_190' title='bbox 514 3162 575 3226; x_wconf 91' lang='lat' dir='ltr'>nisi</span> <span class='ocrx_word' id='word_1_191' title='bbox 597 3163 699 3226; x_wconf 91' lang='lat' dir='ltr'>minor</span> <span class='ocrx_word' id='word_1_192' title='bbox 722 3162 762 3226; x_wconf 90' lang='lat' dir='ltr'>sit</span> <span class='ocrx_word' id='word_1_193' title='bbox 776 3163 866 3225; x_wconf 87' lang='lat' dir='ltr'>XXV</span> <span class='ocrx_word' id='word_1_194' title='bbox 882 3162 980 3227; x_wconf 89' lang='lat' dir='ltr'>annis.</span> <span class='ocrx_word' id='word_1_195' title='bbox 1023 3162 1135 3226; x_wconf 93' lang='lat' dir='ltr'>minori</span> <span class='ocrx_word' id='word_1_196' title='bbox 1159 3161 1249 3242; x_wconf 90' lang='lat' dir='ltr'>enim,</span> 
     </span>
     <span class='ocr_line' id='line_1_24' title="bbox 138 3284 1251 3368; baseline 0.002 -22"><span class='ocrx_word' id='word_1_197' title='bbox 138 3284 222 3347; x_wconf 91' lang='lat' dir='ltr'>siout</span> <span class='ocrx_word' id='word_1_198' title='bbox 238 3284 270 3348; x_wconf 92' lang='lat' dir='ltr'>in</span> <span class='ocrx_word' id='word_1_199' title='bbox 286 3285 357 3349; x_wconf 91' lang='lat' dir='ltr'>aliis</span> <span class='ocrx_word' id='word_1_200' title='bbox 374 3286 477 3350; x_wconf 87' lang='lat' dir='ltr'>causis</span> <span class='ocrx_word' id='word_1_201' title='bbox 497 3306 594 3350; x_wconf 84' lang='lat' dir='ltr'>causo</span> <span class='ocrx_word' id='word_1_202' title='bbox 610 3286 737 3368; x_wconf 83' lang='lat' dir='ltr'>cognita</span> <span class='ocrx_word' id='word_1_203' title='bbox 753 3292 784 3350; x_wconf 91' lang='lat' dir='ltr'>et</span> <span class='ocrx_word' id='word_1_204' title='bbox 799 3285 985 3368; x_wconf 84' lang='lat' dir='ltr'>intellegens</span> <span class='ocrx_word' id='word_1_205' title='bbox 1002 3305 1071 3350; x_wconf 92' lang='lat' dir='ltr'>eum</span> <span class='ocrx_word' id='word_1_206' title='bbox 1087 3285 1251 3368; x_wconf 85' lang='lat' dir='ltr'>deceptum</span> 
     </span>
     <span class='ocr_line' id='line_1_25' title="bbox 141 3383 1251 3494; baseline 0.002 -23"><span class='ocrx_word' id='word_1_207' title='bbox 141 3428 214 3472; x_wconf 86' lang='lat' dir='ltr'>esse</span> <span class='ocrx_word' id='word_1_208' title='bbox 245 3411 358 3474; x_wconf 87' lang='lat' dir='ltr'>aetatis</span> <span class='ocrx_word' id='word_1_209' title='bbox 389 3410 508 3474; x_wconf 89' lang='lat' dir='ltr'>lubrico</span> <span class='ocrx_word' id='word_1_210' title='bbox 536 3416 663 3494; x_wconf 87' lang='lat' dir='ltr'>praetor</span> <span class='ocrx_word' id='word_1_211' title='bbox 692 3411 856 3491; x_wconf 84' lang='lat' dir='ltr'>succurrit,</span> <span class='ocrx_word' id='word_1_212' title='bbox 885 3411 985 3473; x_wconf 88' lang='lat' dir='ltr'>itaet</span> <span class='ocrx_word' id='word_1_213' title='bbox 1012 3410 1044 3472; x_wconf 94' lang='lat' dir='ltr'>in</span> <span class='ocrx_word' id='word_1_214' title='bbox 1070 3383 1128 3474; x_wconf 89' lang='lat' dir='ltr'>hac</span> <span class='ocrx_word' id='word_1_215' title='bbox 1156 3430 1251 3473; x_wconf 86' lang='lat' dir='ltr'>eausa</span> 
     </span>
    </p>
   </div>
   <div class='ocr_carea' id='block_1_3' title="bbox 0 0 1678 5318">
    <p class='ocr_par' dir='ltr' id='par_1_3' title="bbox 0 0 1678 5318">
     <span class='ocr_line' id='line_1_26' title="bbox 0 0 1678 5318; baseline 0 0"><span class='ocrx_word' id='word_1_216' title='bbox 0 0 1678 5318; x_wconf 95' lang='lat' dir='ltr'> </span> 
     </span>
    </p>
   </div>
  </div>
 </body>
</html>
