3370 5350
579 395 809 472 -2565-

65 530 68 652 i
143 591 204 651 tum
225 581 342 650 iactum
365 587 414 650 est
435 587 566 665 propter
593 583 704 664 eapitis
732 584 989 666 deminutionem,
1018 602 1111 666 quam
1138 594 1188 652 est
1209 591 1255 653 ta-

142 708 236 768 stator
257 721 377 784 passus,
402 702 434 768 in
458 722 521 786 qua
542 702 636 768 mam
663 705 731 768 uita
757 704 906 784 decessit;
933 712 989 770 aut
1015 705 1101 770 nulla
1128 706 1254 772 omnino

65 813 68 978 >
141 841 172 887 re
192 821 284 886 simili
306 825 479 901 eueniente,
503 824 638 906 scriptus
661 823 752 889 heres
775 823 980 890 hereditatem
1003 843 1064 890 non
1087 824 1173 890 adiit.

65 980 67 1036 1,
108 945 125 994 1.
220 944 247 1006 1.
281 939 435 1008 Intestato
457 941 555 1026 igitur
577 949 701 1008 mortuo
724 941 827 1026 aliquo
851 964 889 1009 ex
911 944 1010 1010 modis
1033 963 1128 1027 supra
1150 943 1251 1019 dictis,

65 1056 67 1093 r
140 1063 291 1130 hereditas
323 1064 458 1146 primum
492 1063 617 1146 quidem
650 1085 687 1132 ex
716 1065 784 1146 lege
812 1067 974 1131 duodecim
1005 1065 1181 1152 tabularum
1212 1064 1251 1130 ad
1286 1072 1303 1123 5

105 1189 123 1239 t
140 1202 206 1250 suos
228 1183 359 1250 heredes
386 1185 532 1265 pertinet.
584 1185 613 1247 2.
648 1183 704 1249 Sui
731 1189 836 1250 autem
863 1183 994 1250 heredes
1025 1177 1251 1262 existimantur,

139 1308 171 1368 ut
191 1309 221 1368 et
241 1303 273 1368 in
296 1303 456 1383 superiore
478 1301 680 1368 Institutione
703 1302 846 1381 diximus,
869 1301 922 1382 qui
951 1303 982 1366 in
1009 1300 1170 1383 potestate
1188 1320 1252 1366 mo

65 1411 66 1416 ’
139 1421 240 1486 rientis
261 1421 400 1497 fuerunt,
425 1423 523 1489 ueluti
544 1421 627 1488 filius
649 1421 724 1501 filia,
747 1439 843 1504 nepos
866 1424 1009 1504 neptisue
1024 1441 1062 1486 ex
1076 1421 1141 1488 filio
1163 1441 1249 1504 prae·

139 1547 261 1619 mortuo,
285 1559 441 1624 pronepos
462 1543 622 1624 proneptis
638 1548 710 1608 ante
726 1559 825 1606 meam
841 1547 971 1606 mortem
987 1561 1024 1606 ex
1039 1547 1151 1622 nepote
1174 1541 1248 1619 nati,

139 1679 221 1742 quem
243 1679 332 1726 meus
355 1661 464 1741 genuit
486 1661 578 1727 filius.
607 1680 664 1726 neo
686 1661 843 1742 distinguo
867 1667 971 1725 utrum
1000 1661 1159 1726 naturales
1186 1657 1302 1724 sint1⁰

137 1779 219 1844 liberi
239 1799 279 1845 an
303 1779 455 1864 adoptiui.
500 1779 557 1846 His
580 1788 684 1846 autem
713 1783 778 1847 suis
808 1769 1024 1848 connumerari
1052 1799 1179 1846 necesse
1202 1787 1250 1846 est

141 1902 258 1984 eosqui
281 1921 318 1966 er
340 1900 489 1984 legitimis
512 1900 637 1983 quidem
665 1899 870 1968 matrimoniis
898 1920 957 1968 non
989 1905 1063 1968 sunt
1084 1901 1248 1982 progeniti,

137 2019 232 2086 curiae
252 2028 358 2086 tamen
381 2021 527 2098 ciuitatis,
551 2027 586 2086 ut
608 2020 829 2102 principalibus
858 2021 1035 2086 continetur
1056 2020 1249 2089 constitutio·

136 2139 228 2220 nibus,
250 2141 318 2205 dati
340 2146 422 2204 sunt.
448 2139 580 2206 eumelus
603 2140 685 2206 enirn
712 2139 786 2206 iacti
813 2159 940 2205 suorum
969 2141 1039 2204 iura
1069 2139 1249 2204 nanciscen-

135 2263 189 2321 tur.
232 2259 282 2324 his
305 2259 386 2324 adde
413 2266 445 2323 et
474 2275 554 2341 quos
579 2259 645 2324 diui
674 2259 782 2326 nostri¹
803 2258 1001 2340 imperatoris
1028 2259 1171 2341 amplexa
1199 2259 1299 2324 est15

135 2377 305 2444 constitutio
319 2377 440 2456 iubens,
464 2377 576 2459 siquis
592 2378 751 2444 mulierem
767 2379 826 2443 sibi
841 2397 903 2444 non
925 2377 1062 2443 maritali
1084 2377 1248 2445 affectione

65 2487 66 2550 Ῐ
135 2498 335 2580 copulauerit,
359 2518 429 2566 cum
451 2520 514 2582 qua
536 2501 711 2582 coniugium
739 2501 855 2567 habere
882 2499 952 2566 iure
980 2519 1041 2566 non
1071 2493 1254 2582 prohibere

134 2620 191 2696 tur,
218 2619 375 2702 liberique
403 2620 475 2684 inde
502 2619 568 2686 uati
597 2621 677 2699 sint,
706 2626 816 2704 atque,
845 2638 951 2686 amore
973 2621 1171 2702 procedente,
1193 2619 1248 2686 do-

135 2738 291 2809 talianum
314 2761 352 2810 ea
365 2744 581 2810 »iustrumenta
601 2743 719 2822 lecerit,
742 2749 833 2811 natas
855 2742 906 2808 uel
928 2747 1019 2808 natas
1041 2759 1103 2808 non
1125 2745 1247 2810 tantum

134 2876 188 2937 eos,
208 2863 261 2941 qui
283 2869 361 2944 post
383 2863 465 2928 dotis
487 2862 729 2928 instrumentum
753 2861 927 2928 coniectum
950 2859 1026 2926 editi
1050 2861 1123 2939 sint,
1146 2861 1249 2926 iustos*
1263 2862 1299 2914 20

131 2982 215 3059 atque
236 2982 267 3046 in
291 2987 467 3062 postestate
489 2983 633 3065 patribus
657 2999 741 3056 esse,
764 2986 813 3047 set
840 2982 932 3046 etium
961 2985 1034 3045 ante
1063 2981 1166 3044 dotem
1195 2998 1245 3060 ge-

131 3098 212 3166 nitus.
256 3105 384 3182 oportet
406 3101 488 3166 enim
510 3101 567 3166 hos
591 3101 622 3165 in
651 3101 768 3165 honore
797 3097 927 3178 habere,
959 3099 1012 3180 qui
1039 3103 1112 3164 ante
1142 3093 1276 3164 dotale

131 3213 365 3287 instrumentum
389 3219 455 3286 nati
478 3221 555 3300 sint,
582 3221 636 3307 qui
659 3225 690 3286 et
711 3227 822 3304 postea
843 3219 956 3302 genitis
979 3219 1171 3285 occasionem
1194 3219 1243 3282 de·
1309 3299 1311 3302 Ι

132 3335 224 3404 derint
244 3341 499 3408 honestissimum
522 3340 730 3422 legitimorum
751 3337 885 3405 filiorum
908 3357 1019 3404 nomen
1042 3337 1243 3418 adipiscendi.

129 3455 181 3525 hnc
204 3479 280 3525 uero
301 3460 451 3540 'optinere
480 3460 572 3526 diuus
602 3451 709 3528 noster
734 3459 856 3526 censuit
884 3460 1034 3540 Princeps
1062 3457 1160 3522 iniis
1189 3455 1243 3540 qui
1260 3475 1297 3527 25

129 3581 194 3644 ante
216 3551 322 3645 dotale
348 3578 592 3644 instrumentum
622 3579 686 3644 sint
717 3579 800 3657 nati,
834 3579 956 3645 etiamsi
989 3577 1142 3644 neminem
1172 3581 1244 3658 post

170 4297 270 4350 Thespis.
283 4297 398 4341 Antecess·
411 4289 454 4340 ree·
468 4293 558 4339 Ferrini.
670 4334 672 4337 .
