3154 5338
512 457 745 522 -297-

82 663 150 710 anns
171 646 239 710 siue
264 645 371 728 plures
399 646 462 710 sint
491 644 582 711 liberi
614 647 835 728 cuiuscumque
861 661 953 712 sexus
982 641 1034 710 uel
1060 645 1185 726 medus,

83 765 108 828 in
129 764 304 828 uniuersum
321 763 352 829 hi
374 765 578 844 uocabantur,
600 773 733 846 patrono
748 761 910 846 patroniue
926 763 1031 831 liberis
1047 764 1105 832 hac
1119 763 1187 848 lege

80 883 201 948 semotis.
237 884 282 948 sin
307 891 410 948 autem
434 885 533 950 maior
554 884 733 951 centenario
756 883 886 952 libertus
915 867 980 952 sine
1008 885 1113 952 liberis
1136 886 1188 953 de·

79 1001 209 1081 cesserit,
243 1001 270 1066 si
300 1003 425 1084 quidem
459 1002 643 1082 intestatus,
676 1008 826 1085 patronus
860 1003 911 1070 uel
943 1010 1076 1087 patrona
1107 1005 1188 1072 bona

80 1127 177 1186 cuncta
205 1120 374 1204 accipient;
409 1122 460 1186 sin
495 1128 599 1190 autem
634 1126 856 1190 testamentum
883 1122 991 1190 lecerit
1021 1128 1187 1205 patronum
1220 1127 1241 1180 ὅ

84 1258 148 1304 uero
168 1247 373 1321 patronamue
396 1240 607 1320 praeterierit,
629 1259 698 1306 cnm
720 1242 822 1308 nullos
851 1240 964 1308 liberos
986 1241 1116 1308 haberet
1137 1241 1187 1308 uel

79 1359 182 1424 habens
206 1379 259 1424 eos
282 1359 532 1438 exheredaueril,
556 1360 607 1424 uel
629 1361 661 1424 si·
677 1361 790 1426 liberta
811 1367 934 1426 mortua
960 1361 1075 1428 situel
1097 1360 1188 1427 liber·

78 1483 119 1542 tus
135 1485 262 1560 nepotes
279 1477 396 1542 habens
413 1497 450 1542 ex
464 1475 528 1542 filia
543 1483 750 1560 praemortua,
772 1483 867 1562 atque
885 1479 1110 1562 praeterierint,
1134 1475 1187 1544 illa

76 1616 172 1678 nempe
194 1595 303 1676 filium,
331 1597 382 1662 hic
409 1617 484 1663 uero
518 1618 555 1662 ex
588 1603 787 1680 praemortua
819 1597 883 1662 filia
915 1605 1059 1681 nepotem
1093 1585 1187 1684 (nostl

76 1718 145 1781 enim
167 1723 204 1782 ut
227 1718 258 1781 in
282 1715 350 1782 Ila.
378 1715 579 1782 Institutione
603 1717 765 1782 didicimus
794 1717 824 1782 in
853 1717 901 1780 his
930 1717 1070 1798 personis
1100 1729 1240 1800 prae-10

76 1839 241 1906 tentionem
257 1857 313 1922 pro
330 1839 569 1904 exheredatione
584 1839 704 1921 accipi),
728 1857 785 1904 nec
799 1839 957 1922 potuerint
979 1836 1130 1904 eiusmodi
1151 1837 1188 1904 li·

76 1957 133 2022 beri
154 1975 211 2040 per
234 1956 406 2040 querellam
427 1956 593 2024 inofficiosi
616 1963 836 2028 testamentum
852 1957 1030 2036 destituere,
1053 1963 1128 2024 tnnc
1150 1977 1188 2022 ex

74 2077 129 2141 diui
150 2077 349 2159 imperatoris
372 2077 471 2142 nostri
495 2077 714 2142 constitutione
737 2093 798 2142 non
820 2075 977 2142 dimidiam
1000 2081 1129 2157 partem,
1152 2083 1188 2142 ut

74 2201 146 2274 ante,
169 2203 220 2261 set
242 2196 368 2261 tertiam
391 2203 512 2278 partem
540 2197 692 2262 bonorum
721 2195 946 2278 possessionem
970 2200 1077 2262 contra
1099 2195 1188 2260 tabu·

74 2312 114 2378 las
134 2322 278 2396 petentes
301 2321 540 2398 consequentur,
565 2314 614 2380 uel
637 2315 719 2395 quod
741 2315 854 2380 tertiae
875 2315 957 2395 parti
981 2315 1069 2380 deest
1091 2313 1187 2395 reple·
1208 2330 1238 2382 lo

74 2432 167 2500 bitur:
190 2433 274 2499 lorte
298 2434 381 2499 enim
405 2433 437 2498 in
468 2435 589 2500 unciam
619 2452 725 2514 unam,
753 2432 805 2498 uel
832 2441 1003 2500 sextantem
1033 2434 1084 2500 uel
1113 2452 1188 2516 qua·

74 2551 207 2618 drantem
225 2553 382 2618 institutio
398 2552 482 2620 iacta
498 2559 573 2618 erat.
607 2553 652 2618 ita
673 2558 780 2618 autem.
800 2558 907 2618 contra
930 2553 1052 2618 tabulas
1075 2552 1188 2620 tertiae

71 2672 162 2750 partis
184 2673 338 2738 bonorum
356 2672 584 2754 possessionem
600 2671 763 2754 accipient,
785 2677 822 2738 ut
843 2691 881 2736 ex
903 2689 940 2736 ea
961 2688 1062 2752 neque
1083 2671 1188 2752 legata

72 2808 164 2874 neque
186 2791 429 2858 fideicommissa
450 2797 610 2874 praestare
632 2796 798 2873 cogantur,
827 2809 887 2857 non
909 2791 1000 2858 modo
1021 2791 1188 2868 extraneis,

73 2919 115 2978 set
135 2933 192 2979 nec
216 2911 324 2977 liberis
347 2912 471 2992 quidem
486 2910 591 2976 liberti
610 2911 797 2991 libertaeue;
819 2909 874 2976 sed
888 2911 1037 2994 quidquid
1053 2909 1133 2975 forto
1147 2911 1186 2975 ab
1204 2913 1239 2965 2⁰

72 3033 110 3096 eis
124 3034 269 3099 relictum
293 3033 362 3109 erit,
387 3029 515 3096 coheres
532 3051 567 3097 eo
583 3031 772 3096 onerabitur.
801 3030 896 3112 [quod
918 3047 995 3096 uero
1018 3027 1187 3110 delegatis

71 3150 170 3218 liberis
191 3149 312 3217 relictis
343 3147 477 3214 diximus
506 3150 549 3214 sic
576 3147 756 3232 intellegere
785 3153 922 3232 oportet,
954 3149 982 3213 si
1011 3147 1188 3214 exheredati

71 3271 128 3334 sint
148 3271 201 3336 uel
230 3268 409 3350 praeteriti,
440 3267 495 3334 ubi
522 3285 632 3348 nempe
657 3269 838 3354 praeteritio
865 3287 922 3350 pro
950 3266 1188 3333 exheredatione

71 3391 234 3472 accipitur;
256 3389 283 3454 si
307 3389 389 3454 enim
412 3388 543 3454 heredes
565 3387 674 3470 scripti
696 3393 817 3468 emant,
838 3385 916 3452 nihil
937 3394 1068 3468 patrono
1097 3387 1188 3454 debe·
