3154 5338
539 480 578 490 -
622 444 684 507 eoa
728 399 771 488 -’

108 635 171 712 cari,
192 633 262 698 huic
277 633 431 698 bonorum
446 631 635 714 possessioni
652 631 738 698 locus
754 632 798 710 fit,
823 637 919 714 atque
941 631 990 694 uir
1011 629 1109 706 uxori,
1133 646 1211 692 uxor

106 759 200 819 autam
222 753 291 818 uiro
315 752 463 818 succedit.
508 757 655 816 octauum
678 752 780 816 locum
803 752 835 815 in
863 752 1016 816 bonorum
1043 731 1211 831 possessio-

106 875 195 952 nibus,
212 893 293 955 quae
309 873 349 938 ab
364 874 514 938 intestato
531 871 893 954 competunt,.possessio
908 869 1060 936 bonorum
1089 868 1211 934 »unde

106 996 258 1076 cognati
280 993 608 1059 manumissoris«
634 993 763 1074 optinet.
797 992 824 1058 si
846 992 928 1056 enim
950 992 1020 1072 quis
1042 991 1211 1056 intestatus

105 1114 263 1192 moriatur,
298 1113 383 1178 nullo
414 1113 538 1177 omnino
568 1111 677 1176 relicto
709 1129 765 1176 nec
797 1116 931 1193 patrono
957 1129 1060 1192 neque
1085 1110 1245 1192 patronio

104 1233 199 1298 liberis
221 1252 324 1315 neque
346 1233 509 1316 adgnatiS,
532 1233 657 1314 patroni
680 1233 805 1314 cognati
826 1233 906 1299 hanc
928 1237 1037 1315 petent
1057 1233 1211 1298 bonorum

70 1367 89 1417 4.
103 1345 330 1434 possessionem.
365 1357 394 1418 4.
417 1355 484 1420 Has
500 1374 573 1437 ergo
593 1361 722 1438 praetor
737 1355 861 1420 induxit
874 1356 1028 1420 bonorum
1042 1351 1211 1434 possessio·

103 1492 159 1551 nes,
182 1473 261 1539 duas
277 1473 409 1555 quidem*
419 1493 457 1538 ex
472 1479 670 1554 testamento,
694 1480 765 1539 octo
781 1494 857 1540 uero
874 1474 913 1538 ab
929 1472 1087 1537 intestato.
1118 1469 1210 1535 diuus

103 1598 198 1658 antem
208 1595 382 1676 imperator
395 1599 502 1660 noster
516 1595 593 1660 nihil
607 1597 799 1661 incuriosum
810 1593 1112 1677 praetermittensea,
1129 1608 1210 1672 quae

103 1715 318 1781 emendationis
341 1716 517 1798 indigerent
538 1717 571 1781 in
592 1719 703 1783 melius
726 1716 903 1783 transtulit:
932 1719 964 1779 et
994 1716 1130 1779 contra
1151 1715 1210 1774 ta·
1231 1711 1262 1761 10

102 1834 208 1900 bulas
232 1836 358 1918 quidem
381 1841 413 1902 et
434 1837 649 1903 secundum
671 1836 834 1902 tabulas
866 1835 1019 1900 bonorum
1041 1829 1211 1914 possessio-

102 1973 165 2032 nes,
193 1960 304 2037 utpote
327 1957 538 2035 necessarias,
565 1957 598 2021 in
626 1976 683 2022 suo
706 1961 794 2022 statu
816 1954 956 2036 reliquit,
986 1957 1081 2034 atque
1103 1951 1144 2014 ab
1165 1949 1210 2012 in-

102 2077 208 2139 testato
247 2075 376 2140 »unde
412 2075 555 2140 liberi«
592 2081 624 2141 et
659 2075 782 2139 »unde
818 2073 1017 2154 legitimi«
1057 2069 1211 2134 bonorum

100 2196 306 2274 possessiones
368 2196 505 2260 Tertiam
539 2200 644 2260 autem
677 2195 717 2259 ab
750 2196 899 2259 intestato
936 2191 1091 2276 (quintam
1124 2207 1209 2266 uero,

100 2314 123 2378 si
143 2315 236 2380 etiam
259 2334 311 2380 eas
334 2334 415 2396 quae
438 2315 554 2380 tabulis
582 2315 761 2380 extantibus
789 2317 971 2395 competunt
993 2313 1209 2390 connumeres)
1231 2312 1261 2360 ¹⁵

99 2415 173 2500 idest
190 2435 315 2500 »unde
330 2411 453 2500 decem
467 2453 679 2517 personae«
695 2455 732 2500 ex
743 2435 897 2498 bonorum
908 2432 1142 2518 possessionum
1153 2449 1210 2494 nu·

99 2573 176 2620 mero
199 2556 305 2634 eiecit,
336 2556 553 2638 compendioso
582 2574 724 2621 sermone
752 2574 821 2620 eam
851 2570 1081 2636 superuacuam
1108 2554 1210 2615 osten·

99 2673 176 2740 dans.
215 2695 288 2740 cum
311 2676 392 2740 enim
414 2674 558 2758 praefata
579 2675 733 2740 bonorum
754 2674 920 2756 possessio,
944 2673 992 2737 uti
1010 2671 1128 2736 dictum
1151 2673 1208 2746 est,

99 2792 197 2858 decem
213 2801 420 2876 cognatorum
435 2814 585 2876 personas
601 2799 748 2859 extraneo
761 2796 966 2875 anteponeret
981 2788 1208 2864 manumissori,

98 2915 274 2980 const'tutio
297 2919 402 2980 autem
425 2915 525 2980 nostri
546 2915 704 2996 principis,
732 2933 826 2996 quam
849 2911 888 2976 de
911 2907 1209 2992 emancipationibus
1228 2907 1261 2958 20

97 3035 209 3113 posuit,
230 3034 387 3115 ‘patribus
416 3033 559 3099 omnibus
588 3039 619 3099 et
648 3031 929 3098 manumissoribus
956 3025 1212 3112 praesumptione

98 3159 273 3219 contractae
295 3153 427 3219 fiduciae
442 3155 663 3219 manumittere
679 3153 774 3232 dedit,
798 3154 844 3218 ita
858 3158 895 3217 ut
908 3152 968 3216 hoc
989 3151 1085 3216 tacite
1107 3167 1210 3214 eman-

97 3274 203 3356 cipatio
233 3276 267 3339 in
297 3295 331 3340 se
352 3275 483 3348 habeat,
513 3275 625 3340 merito
655 3293 852 3356 superuacua
879 3270 1031 3338 eiusmodi
1057 3269 1211 3334 bonorum

96 3396 247 3473 possessio
269 3395 341 3460 uisa
362 3399 420 3472 est,
444 3414 513 3460 cum
536 3395 640 3459 nullus
657 3394 790 3476 amplius
813 3398 979 3458 extraneus
1002 3389 1211 3456 manumissor

98 3519 183 3579 extet.
215 3515 343 3582 sublata
358 3534 432 3596 ergo
447 3515 601 3599 bonorum
615 3514 812 3596 possessione
837 3512 959 3577 »unde
982 3511 1105 3576 decem
1127 3527 1210 3590 per·
1228 3517 1260 3567 25

27 3621 29 3628 ’
98 3653 248 3713 sonae«,
265 3654 343 3714 eam,
360 3654 441 3718 quae
456 3635 529 3699 olim
549 3633 759 3712 sextafuerat
776 3633 858 3699 idest
876 3631 998 3696 »unde
1014 3628 1208 3710 cognati«,

64 3757 81 3805 5.
97 3755 234 3836 quintam
246 3753 361 3820 effecit:
380 3757 408 3818 5.
422 3753 509 3831 Quae
522 3759 626 3820 autem
638 3755 772 3836 septima
783 3751 896 3830 fuerat,
918 3777 930 3808 1>
943 3755 1024 3816 tum
1039 3767 1149 3831 quam
1165 3767 1209 3812 ex

96 3873 267 3946 familia«
295 3880 327 3942 et
348 3879 493 3940 octauam
520 3874 644 3940 »unde
665 3874 784 3942 liberi
810 3871 973 3957 patroni
995 3874 1210 3955 patronae·

16 4975 1340 5314 m

551 5310 560 5313 ,.
782 5303 793 5313 ,1
1348 5311 1351 5314 ⁴
