3154 5338
538 366 770 431 -292-

111 553 183 618 enim
204 553 305 622 ordini
320 552 530 635 anteponitur:
554 560 586 618 et
607 555 660 636 qui
682 554 847 620 anterioris
869 553 986 620 ordinis
1001 555 1052 634 sit,
1074 555 1217 636 quamuis

112 674 204 754 gradu
224 673 362 750 ulterior,
387 693 455 740 eum
479 672 610 756 potioris
636 673 679 738 sit
693 675 820 753 ordinis,
842 675 873 738 in
889 674 1063 740 hereditate
1085 675 1219 756 praeier-

113 804 168 858 tur.
211 799 285 858 tono
307 795 389 858 enim
411 795 567 876 graduum
591 793 715 860 collatio
737 793 781 868 fit,
811 812 881 859 oum
908 796 1014 876 plures
1042 814 1079 860 ex
1104 792 1218 860 ‘eodem

111 910 211 978 ordine
233 913 338 977 adsint
359 930 519 994 personae.
565 915 671 996 itaque
694 915 747 994 qui
769 913 907 980 eiusdem
935 913 1128 996 cognationis
1150 931 1220 996 grn-

109 1031 160 1096 dus
181 1033 244 1096 sint
264 1051 326 1098 non
349 1050 471 1114 semper
492 1031 584 1098 simul
607 1039 768 1108 uocantur,
790 1051 846 1100 neo
868 1051 990 1116 semper
1012 1035 1150 1100 anterior
1171 1041 1220 1099 est
1254 1032 1270 1082 ὅ

108 1151 213 1232 potior.
269 1159 317 1218 est
349 1151 432 1218 enim
461 1151 561 1234 prima
592 1171 687 1218 causa
713 1164 841 1218 suorum
871 1153 1020 1218 heredum
1050 1173 1220 1238 eorumque

108 1273 155 1354 qui
176 1272 260 1338 inter
281 1291 355 1338 suos
377 1280 613 1349 enumerantur,
636 1273 718 1338 idest
746 1271 834 1338 liberi
864 1275 1062 1356 emancipati,
1092 1281 1221 1356 nepotes

109 1411 142 1456 ex
161 1392 301 1458 ieminini
323 1411 415 1457 sexus
437 1394 579 1476 personis
609 1393 676 1458 nati
703 1410 844 1473 quosque
871 1393 1015 1474 superius
1044 1393 1222 1476 specialiter

107 1509 289 1576 addidimus.
343 1510 425 1593 finge
458 1531 532 1592 ergo
557 1517 760 1593 pronepotem
788 1511 839 1578 uel
867 1514 1053 1594 abnepotem
1082 1511 1221 1580 deiunoti

107 1637 216 1704 extare,
240 1637 348 1696 extare
370 1638 475 1698 autem
498 1641 531 1698 et
552 1632 680 1697 fratrem
703 1631 752 1698 uei
775 1639 895 1712 patrem
912 1651 968 1697 seu
983 1638 1129 1698 matrem:
1152 1652 1220 1715 pro·
1242 1643 1273 1695 10

107 1771 195 1842 nepos
223 1751 276 1816 uel
305 1755 398 1818 etiam
425 1751 562 1832 abnepos
586 1757 801 1830 anteponetur,
825 1771 896 1817 eum
919 1771 956 1816 ex
978 1753 1091 1833 potiori
1114 1753 1222 1820 ueniat

108 1873 225 1952 ordine,
255 1873 399 1953 quamuis
429 1874 529 1955 gradu
556 1873 687 1938 ulterior
719 1874 773 1938 sit:
805 1880 895 1954 pater
922 1871 1004 1939 enim
1038 1875 1088 1940 uel
1123 1879 1222 1938 mater

108 1991 203 2071 primo
226 2001 301 2058 sunt
322 1994 433 2074 gradu,
464 2001 558 2076 prout
585 1994 735 2072 diximus,
764 1993 863 2058 irater
889 1994 1039 2072 seeundo,
1068 2012 1222 2076 pronepos

105 2111 159 2192 III,
181 2115 321 2195 abnepos
342 2111 416 2177 IIII.
439 2133 571 2197 eumque
593 2115 729 2196 abnepos
752 2119 864 2197 quarto
887 2115 988 2200 gradu
1008 2114 1058 2192 sit,
1080 2112 1120 2177 iis
1135 2131 1223 2194 prae·

104 2231 200 2298 fertur
222 2234 277 2316 qui
300 2253 337 2300 ex
358 2233 457 2315 primo
480 2234 531 2298 uel
553 2235 690 2298 seeundo
713 2234 852 2308 ueniunt,
875 2252 945 2299 oum
960 2233 1078 2299 ordinis
1093 2232 1223 2313 potioris
1244 2238 1274 2288 15

105 2353 156 2417 sit:
178 2373 237 2419 nee
259 2354 391 2418 interest
412 2354 444 2417 in
466 2359 621 2432 potestate
650 2355 809 2418 morientis
837 2353 933 2418 inerit
960 2373 1000 2417 an
1030 2371 1090 2418 non
1118 2351 1223 2430 fuerit,

104 2473 183 2554 quod
206 2474 436 2556 emancipatus,
458 2473 509 2538 uei
539 2493 577 2538 ex
599 2472 795 2555 emancipato
822 2480 879 2538 aut
908 2493 946 2538 ex
973 2471 1121 2538 feminino
1148 2490 1224 2536 sexu

64 2599 296 2675 mpropagatus
324 2599 382 2658 est.
432 2594 480 2657 12.
518 2593 596 2659 Cum
629 2595 678 2659 sui
706 2594 838 2660 heredes
866 2612 927 2659 non
958 2599 1064 2659 extent
1092 2611 1150 2658 nee
1171 2592 1226 2674 qui

104 2713 183 2778 inter
205 2733 283 2778 snos
305 2721 543 2794 enumerentur,
566 2715 721 2796 adgnatos
749 2732 825 2778 uero
852 2713 1005 2795 supersit,
1032 2711 1087 2795 qui
1114 2729 1225 2792 nempe

104 2833 224 2916 integra
246 2836 317 2899 iura
339 2835 535 2915 adgnationis
558 2833 681 2912 habeat,
705 2833 826 2898 etiamsi
849 2833 1028 2913 longissimo
1050 2830 1150 2913 gradui
1172 2831 1223 2908 sit,
1243 2835 1276 2886 20

104 2954 288 3036 plerumque
309 2957 412 3036 potior
432 2954 566 3020 babetur
593 2973 685 3037 quam
715 2953 885 3036 proximior
911 2959 1071 3034 cognatos.
1119 2925 1225 3034 patrui

104 3074 181 3137 enim
205 3092 306 3154 nepos
329 3075 380 3139 uel
401 3093 566 3156 pronepos,
590 3093 659 3140 oum
690 3073 771 3139 alter
794 3073 839 3138 V⁰
861 3073 941 3138 aiter
963 3071 1028 3136 Vi⁰
1051 3073 1093 3136 sit
1114 3072 1224 3153 gradu,

102 3193 258 3260 auunculo
289 3199 321 3258 et
349 3200 538 3258 materterae
568 3199 790 3274 anteponetur,
824 3193 967 3272 quamuis
1000 3191 1032 3256 bi
1059 3189 1128 3254 111⁰
1162 3190 1226 3255 sint

103 3313 211 3394 gradu.
258 3314 375 3378 totiens
397 3313 495 3396 igitur
518 3311 650 3377 dicimus
673 3310 854 3378 uiciniorem
877 3317 1042 3392 cognatum
1072 3309 1225 3393 potiorem
