3154 5338
549 413 782 477 -295-

113 598 321 680 linquendum:
344 599 428 681 quod
450 599 478 664 si
500 599 576 664 nihil
599 599 650 664 uel
672 599 774 666 minus
796 600 983 682 reliquisset,
1011 605 1142 682 patrono
1158 619 1227 666 can-

112 725 158 784 tra
177 717 282 784 liberti
308 719 488 785 testamenti
516 718 641 786 tabulas
668 721 820 786 bonorum
849 719 1077 802 possessionem
1106 723 1228 802 pollice·

112 839 209 915 hatur,
231 856 404 920 perquam
426 841 586 905 semissem
609 845 743 920 caperet.
787 838 844 904 filii
874 846 979 906 autem
1008 839 1167 907 naturales
1195 841 1229 906 li·

111 957 197 1036 berti,
226 959 254 1022 si
275 963 426 1036 extarent,
448 947 614 1041 patronum
636 958 845 1040 repellebant,
875 979 932 1026 nec
960 957 1062 1025 sulum
1091 979 1169 1044 quos
1197 961 1229 1025 in
1295 1028 1298 1042 ,

111 1081 262 1158 potestate
283 1077 423 1156 haberet,
445 1083 494 1143 set
516 1095 594 1158 quos
622 1079 848 1161 emancipasset
873 1079 926 1146 nel
955 1081 1149 1162 adoptandos
1177 1080 1230 1146 de·
1264 1091 1280 1141 t

112 1195 222 1260 disset:
246 1197 298 1276 qui
320 1216 397 1262 uero
419 1197 451 1262 in
473 1197 671 1277 adoptionem
687 1199 752 1264 dati
769 1198 902 1273 lucrant,
925 1204 992 1266 tum
1008 1200 1142 1278 demum,
1158 1219 1229 1266 cum

112 1314 140 1378 in
161 1313 321 1378 minimam
344 1314 458 1381 saltem
479 1322 601 1396 partem
623 1316 754 1382 heredes
781 1317 891 1399 scripti
919 1323 1033 1384 essent.
1084 1324 1121 1383 nt
1148 1337 1230 1397 ecce,

111 1451 176 1498 cum
198 1452 258 1514 ego
280 1433 412 1500 libertus
434 1453 534 1500 essem
562 1441 791 1516 patronumque
820 1437 966 1502 haberem
995 1435 1150 1502 etlilium
1177 1455 1231 1502 ua·

110 1552 259 1628 turalem,
291 1554 374 1619 hunc
403 1554 615 1637 adoptandum
645 1555 732 1619 dedi:
761 1555 789 1620 si
818 1557 914 1638 igitur
941 1561 1129 1623 testamento
1159 1575 1231 1622 eum
1349 1590 1351 1596 ,

111 1691 163 1754 pro
184 1679 277 1755 parte
298 1673 445 1740 heredem
468 1674 674 1752 instituerim,
704 1673 874 1754 repelletur
901 1681 1072 1756 patrunus:
1106 1676 1134 1741 si
1155 1694 1231 1741 uero
1252 1693 1283 1745 10

112 1810 178 1857 eum
199 1793 430 1876 praeterierim,
454 1795 522 1859 inre
545 1800 695 1876 patronus
717 1801 826 1860 contra
848 1795 909 1860 mei
936 1797 1115 1862 testamenti
1142 1796 1231 1861 tabu·

111 1911 155 1976 las
177 1912 330 1978 honorum
357 1912 586 1996 possessionem
614 1918 710 1994 petet.
754 1913 836 1979 filius
866 1919 971 1980 autem
1001 1933 1090 1980 meus
1119 1914 1233 1997 quiin

110 2035 266 2111 potestate
294 2038 343 2098 est
370 2040 402 2097 et
429 2036 456 2097 is
484 2033 539 2115 qui
567 2033 782 2116 emancipatus
816 2040 864 2100 est
892 2033 1055 2100 uoluntate
1082 2035 1133 2101 uel
1162 2035 1232 2116 lege

111 2150 184 2216 mihi
220 2153 424 2219 succedentes
452 2159 584 2234 patrono
610 2155 748 2236 potiores
785 2161 875 2220 sunt:
912 2153 1075 2220 uoluntate
1105 2155 1231 2236 quidem

111 2289 177 2337 cnm
200 2290 257 2337 eos
278 2272 411 2338 heredes
434 2272 630 2355 scripserim,
657 2274 726 2356 lege
750 2291 819 2338 curn
848 2274 1018 2338 intestatus
1048 2273 1284 2352 decesserim15

111 2391 158 2456 uel
184 2397 375 2457 testamento
408 2391 491 2458 lactc
524 2411 577 2459 eos
610 2393 843 2476 praeterierim,
882 2394 963 2460 alter
994 2395 1075 2459 enim
1109 2393 1233 2476 quidem

114 2509 179 2592 ipso
201 2512 273 2576 inre
296 2511 440 2576 destituit
461 2517 696 2590 testamentum,
720 2514 800 2578 alter
821 2532 898 2578 uero
927 2514 1140 2594 emancipatus
1162 2529 1234 2576 con·

110 2637 158 2694 tra
178 2631 307 2696 tabulas
329 2631 481 2698 bonorum
503 2650 642 2698 meorum
665 2633 894 2714 possessionem
916 2632 1038 2714 accipit,
1061 2650 1162 2713 neque
1180 2649 1234 2712 pa·

111 2757 198 2820 hono
223 2752 326 2819 lacum
349 2754 413 2819 dat.
452 2755 604 2819 bonorum
626 2754 708 2818 enim
730 2754 956 2836 passessionem
979 2756 1088 2816 contra
1109 2749 1234 2818 tabulas

111 2890 271 2953 nunquam
303 2879 430 2955 praetor
462 2874 614 2939 aduersus
647 2873 807 2938 naturales
843 2871 924 2938 filios
956 2870 1130 2954 polhcetur.
1185 2877 1234 2936 set
1251 2886 1286 2938 ao

112 2993 204 3058 etiam
228 2999 302 3075 post
323 2993 478 3076 praetoris
500 2995 637 3059 edictum
659 2994 743 3076 quud
765 2992 844 3058 adeo
865 2997 998 3074 patrono
1020 2990 1157 3068 fauebat,
1180 3007 1234 3071 pa-

113 3113 198 3178 tebat
221 3114 335 3180 liberto
357 3112 421 3192 uia,
445 3131 508 3196 qua
529 3115 653 3195 impune
675 3112 753 3176 nihil
774 3113 851 3178 iuris
873 3117 1006 3193 patrona
1028 3109 1233 3192 relinqueret:

112 3230 244 3298 sienim
271 3233 446 3299 naturalem
474 3231 572 3297 filium
599 3233 746 3312 haberet,
776 3249 877 3312 neque
898 3233 958 3297 XII
986 3230 1164 3296 tabularum
1186 3228 1236 3294 lex
