3328 5318
570 399 809 462 —452—

353 714 402 776 De
425 713 592 777 noxalibus
617 714 801 778 aetionibus
847 715 970 778 Titulus
995 717 1023 780 8.
1068 717 1069 721 ’

222 872 492 948 Quemadmodum
506 893 546 936 ex
558 893 718 937 seruorum
734 875 946 938 contractibus
959 874 1102 938 dominus
1115 881 1246 954 tenetur,

132 998 179 1060 ita
202 1018 241 1060 ex
265 1018 427 1061 seruorum
450 998 611 1062 maleficiis
636 997 754 1062 domini
770 999 1005 1062 conueniuntur.
1044 1019 1117 1062 nam
1134 999 1160 1062 si
1177 1007 1246 1062 tuus

132 1142 243 1186 seruus
266 1143 316 1186 res
340 1143 427 1186 meas
450 1122 572 1186 furatus
595 1123 649 1202 sit,
678 1131 733 1186 aut
755 1124 895 1206 rapuerit
917 1129 972 1186 aut
998 1123 1074 1186 mihi
1101 1123 1246 1186 damnum

98 1275 99 1278 ¹
132 1247 254 1310 dederit
282 1254 335 1310 aut
363 1247 507 1310 iniuriam
539 1247 663 1325 feeerit,
699 1247 821 1311 noxalis
857 1247 938 1311 aetio
973 1247 1049 1310 mihi
1080 1253 1189 1311 eontra
1216 1253 1246 1310 te

132 1371 267 1434 dabitur.
291 1371 405 1435 iudieio
418 1391 493 1435 nero
507 1371 613 1435 noxali
626 1372 832 1435 condemnato
845 1372 1034 1454 permittitur
1045 1371 1102 1434 tibi
1115 1378 1169 1435 aut
1181 1371 1244 1434 litis
1284 1386 1300 1434 5

98 1505 121 1554 1.
132 1497 380 1560 aestimationem
406 1497 529 1560 soluere
552 1502 605 1559 aut
626 1496 782 1560 hominem
805 1516 907 1559 noxae
926 1496 1049 1560 dedere.
1086 1495 1245 1560 l.‘Noxa'

131 1627 236 1684 autem
261 1621 374 1684 dieitur
397 1622 499 1703 ipsum
523 1641 645 1704 eorpus,
671 1621 766 1701 quod
792 1622 933 1701 noenit;
960 1621 1032 1701 quia
1050 1620 1118 1702 ipse
1135 1639 1245 1683 seruus

130 1746 244 1810 noouit.
308 1746 438 1809 ‘noxia'
476 1751 580 1808 autem
615 1747 716 1828 ipsum
751 1745 938 1809 maleficium
973 1751 1113 1824 uooatnr,
1150 1745 1246 1808 ueluti

95 1871 247 1934 tranum
283 1869 429 1934 damnum
464 1870 576 1952 rapina
604 1870 726 1934 iniuria.
784 1874 812 1936 2.
837 1870 965 1933 Summa
993 1877 1096 1932 autem
1124 1869 1245 1933 ratione

130 1996 163 2058 id
187 1996 395 2058 introduotum
419 2001 475 2074 est,
500 2001 534 2058 ut
556 2015 668 2077 nempe
685 1996 836 2074 dominus,
863 1995 917 2075 qni
932 1995 1039 2057 noxali
1056 1994 1179 2057 aetione
1197 2001 1244 2056 est
1266 2005 1299 2056 10

132 2120 365 2200 condemnatus,
389 2119 435 2182 illi
459 2140 583 2183 seruum
601 2119 716 2183 dedere
740 2120 847 2202 possit,
872 2121 903 2183 ln
927 2139 1019 2199 quem
1043 2119 1093 2182 hie
1117 2118 1243 2181 noxiam

131 2245 294 2308 commisit.
357 2244 526 2308 absurdum
562 2245 643 2308 enim
678 2246 848 2326 putabatur
879 2264 1039 2308 seruorum
1073 2243 1244 2323 nequitiam

131 2370 214 2432 ultra
243 2369 381 2451 ipsorum
410 2389 543 2451 eorpora
572 2369 704 2432 dominis
733 2389 802 2432 esse
834 2369 1024 2432 damnosam.
1082 2368 1188 2448 itaque
1219 2367 1245 2430 si

131 2515 192 2575 ego
223 2493 347 2556 nomine
376 2495 460 2556 serui
487 2493 595 2556 noxali
622 2493 745 2556 aetione
774 2492 998 2555 condemnatus
1025 2491 1129 2568 fuero,
1158 2491 1244 2554 nullo

89 2621 92 2632 '
130 2619 195 2682 alio
224 2618 337 2681 damno
366 2618 482 2680 inuitus
511 2617 654 2695 adfinium,
683 2636 777 2697 quam
810 2621 844 2678 ut
876 2635 1001 2678 seruum
1030 2635 1131 2679 noxae
1156 2615 1242 2684 dem;
1268 2625 1299 2676 15

94 2749 118 2798 3.
128 2743 245 2806 noxiae
270 2743 352 2806 enim
376 2743 625 2806 aestimationem
651 2742 775 2804 soluere
799 2761 862 2804 non
887 2760 993 2821 cogor.
1040 2744 1068 2805 3.
1092 2740 1126 2802 Si
1150 2740 1245 2821 igitur

129 2888 256 2932 seruum
281 2868 333 2947 qui
357 2868 463 2931 noouit
486 2887 588 2930 noxae
605 2866 704 2929 actori
720 2865 845 2946 dedero,
870 2865 991 2929 actione
1007 2864 1115 2927 noxali
1131 2864 1244 2928 libera-

129 2995 203 3074 bor,
233 2993 369 3057 dominio
398 2993 464 3055 eius
488 2993 520 3054 in
547 2998 732 3074 perpetuum
756 2991 907 3054 translato
936 2989 968 3051 in
990 2993 1137 3052 actorem.
1183 3008 1244 3051 non

130 3118 213 3182 enim
242 3118 372 3182 dioimus
383 3205 385 3209 ,
396 3137 531 3197 seruum,
556 3117 583 3180 si
607 3116 711 3199 operis
728 3115 792 3178 suis
809 3136 846 3178 ao
865 3113 1037 3178 ministerio
1054 3133 1110 3176 suo
1129 3111 1243 3175 noxiae

129 3242 381 3307 aestimationem
416 3243 458 3320 ei,
489 3262 580 3322 quem
614 3241 769 3321 laederat‚
805 3239 980 3320 resaeierit,
1015 3239 1066 3302 uel
1098 3235 1242 3301 aliounde
1263 3244 1298 3295 20

129 3368 306 3447 quaesitam
322 3367 487 3449 pecuniam
504 3367 533 3430 ei
548 3366 738 3448 praebuerit,
759 3365 800 3429 ad
816 3365 972 3428 dominum
989 3363 1168 3427 rediturum.
1197 3367 1245 3423 set
1334 3349 1336 3358 ’

128 3497 307 3574 praetorem
335 3491 443 3572 adeat3
472 3491 522 3554 eui
550 3491 577 3554 si
601 3490 633 3553 id
660 3489 851 3572 probauerit,
884 3489 978 3551 etiam
1005 3487 1102 3550 inuito
1128 3505 1165 3549 eo
1191 3485 1243 3564 qui
