3370 5350
612 357 847 424 -268—

176 551 229 612 tes.
251 545 277 610 si
300 562 375 611 uero
397 543 462 610 filia
477 544 629 611 moriatur
641 541 739 609 filium
755 543 935 626 relinquens
951 551 1144 629 nepotesque
1161 563 1204 612 ‘ex
1226 545 1291 612 filio

173 665 271 731 filiano
286 665 506 746 praemortuis,
523 663 598 728 item
616 669 745 746 nepotes
758 668 913 746 quotquot
924 664 1048 730 demum
1061 666 1123 731 siut
1135 665 1289 746 quadran·

174 793 232 851 tem
247 785 410 865 accipient.
434 791 466 849 et
481 783 562 849 sicut
578 783 604 848 si
621 785 670 848 uir
686 783 840 848 moriatur
854 781 952 847 filium
967 783 1093 864 quidem
1109 784 1227 849 nullum
1243 786 1290 850 ui·

176 923 243 970 uum
266 904 455 986 relinquens,
479 923 516 970 ex
537 903 746 986 praemortuis
769 919 844 966 uero
867 909 995 983 nepotes
1019 903 1136 969 diuersi
1159 904 1290 984 numeri,

172 1043 207 1090 er
218 1023 315 1090 altero
328 1023 452 1107 quidem
465 1042 559 1088 unum
571 1023 622 1088 uel
634 1024 721 1101 duos,
739 1041 776 1088 ex
790 1022 890 1088 altero
906 1031 971 1088 tres
986 1023 1038 1088 uel
1053 1031 1211 1108 quattuor,
1228 1045 1290 1090 non
1324 1035 1342 1085 o

170 1143 319 1225 incapite
334 1152 383 1210 set
403 1145 435 1208 in
458 1144 586 1226 stirpem
610 1143 721 1208 diuisio
737 1141 781 1220 fit,
805 1149 900 1226 atque
922 1163 1002 1209 unus
1027 1143 1075 1210 uel
1099 1146 1160 1210 duo
1184 1145 1290 1210 semis-

171 1283 233 1329 sem
256 1270 475 1341 consecuntur,
498 1271 564 1329 tres
579 1263 630 1328 uel
650 1269 799 1343 quattuor
813 1263 946 1328 alterum
963 1265 1133 1341 semissem,
1157 1265 1200 1330 ita
1216 1282 1289 1345 quo·

169 1401 229 1464 oue
249 1385 278 1450 si
301 1392 443 1450 mortuus
466 1383 508 1449 sit
536 1383 587 1448 uir
616 1389 745 1465 nepotes
776 1383 954 1464 relinquens
982 1403 1021 1449 ex
1049 1382 1172 1448 filiabus
1201 1403 1291 1466 prae·

173 1503 311 1582 mortuis,
334 1503 386 1570 uel
408 1505 434 1568 si
456 1503 571 1568 semina
592 1512 714 1568 mortua
736 1503 778 1568 sit
800 1511 928 1585 nepotes
956 1503 1196 1584 relinquensex
1218 1502 1290 1568 filiis

170 1621 333 1689 filiabusue
360 1623 568 1705 praemortuis
598 1621 714 1688 diuersi
745 1624 880 1700 numeri,
916 1623 1014 1688 ueluti
1043 1641 1081 1686 ex
1109 1641 1172 1687 uua
1201 1629 1290 1706 parte
1311 1625 1342 1677 1⁰

169 1763 263 1809 uuum
287 1745 338 1808 uei
361 1745 448 1819 duos,
472 1763 509 1809 ex
531 1741 632 1808 altera
654 1762 729 1808 uero
753 1749 817 1808 tres
841 1743 894 1808 uei
918 1751 1081 1824 quattuor,
1104 1741 1137 1806 in
1160 1741 1290 1824 stirpem

170 1863 329 1929 diuidetur
350 1863 518 1942 hereditas,
541 1869 637 1943 utque
659 1881 739 1928 uuus
763 1862 812 1926 uel
837 1863 898 1928 duo
928 1862 1088 1928 semissem
1119 1861 1291 1944 adipiscen-

170 1994 236 2067 tur,
270 1995 337 2054 tres
366 1987 417 2054 uel
439 1994 589 2068 quattuor
610 1988 742 2054 alterum
765 1987 935 2054 semissem.
978 2003 1047 2052 eum
1076 2005 1151 2052 uero
1177 1981 1292 2048 femina

171 2116 293 2174 mortua
315 2109 365 2186 sit,
388 2113 580 2190 nepotesque
602 2114 711 2173 contro
732 2113 861 2188 nepotes
884 2111 1013 2182 certent,
1037 2123 1097 2170 uon
1122 2123 1198 2169 uero
1220 2121 1291 2168 oon-

168 2233 217 2294 tra
238 2229 412 2295 auuncutos
434 2227 484 2294 uel
500 2233 694 2306 materteras,
717 2233 784 2292 tum
806 2231 1024 2308 praemortuae
1046 2240 1198 2306 personae
1220 2239 1291 2304 pur·
1312 2222 1342 2273 ¹5

169 2353 230 2414 tem
259 2349 415 2430 integram
440 2347 602 2467 accipient,
626 2345 739 2411 tertiae
761 2343 860 2425 partis
882 2342 1093 2408 deminutione
1115 2360 1175 2407 uon
1198 2341 1290 2408 iacta.
