3384 5314
681 387 744 448 mc
793 423 834 428 -

107 561 238 624 lcnolo.
297 565 346 625 lc.
370 559 448 622 Sunt
483 561 535 640 qui
564 560 670 624 dicant
697 560 905 624 interdicta
932 561 1058 643 proprie
1088 582 1126 625 ea
1154 562 1271 642 uocari,

156 705 212 767 per
248 705 328 763 quae
364 686 483 766 aliquid
515 686 581 749 fieri
617 686 812 768 prohibetnr;
849 685 1078 750 interdicere
1114 687 1195 749 enim
1225 693 1272 750 est

157 810 379 873 denuntiare
416 829 452 873 ac
488 810 703 892 prohibere:
737 811 985 873 restitutoria
1020 817 1123 874 autem
1153 817 1184 873 et
1212 832 1271 874 ex-

156 934 339 997 hibitoria
362 955 425 998 non
453 935 674 1013 interdicte,
704 943 752 998 set
780 935 934 1000 decreta
958 935 1079 1016 uocari,
1109 935 1272 998 sciliceta

157 1059 411 1138 decernendo,
437 1060 464 1122 h.
489 1080 515 1122 e.
539 1060 796 1142 pronuntiare.
833 1065 881 1122 set
896 1066 1002 1122 tamen
1018 1060 1152 1142 optinuit
1168 1061 1273 1124 omnia
1309 1072 1325 1122 5

120 1197 144 1247 2.
157 1183 384 1248 ‘interdicta’
399 1184 563 1267 appellari,
576 1183 650 1263 quia
662 1184 761 1248 inter
777 1184 867 1248 duos
885 1184 1067 1247 dicuntur.
1079 1188 1107 1249 ⁴2.
1119 1183 1271 1264 Sequens,

157 1308 269 1371 diuisic
293 1309 527 1374 interdictorum
546 1309 624 1372 haec
642 1316 699 1389 est,
725 1307 808 1388 quod
825 1309 981 1389 quaedam
998 1309 1271 1390 adipiscendae

156 1433 411 1514 possessionis
435 1434 498 1496 uim
523 1435 673 1515 habeant;
699 1454 738 1497 ea
754 1434 837 1497 enim
857 1434 1002 1516 petimus,
1028 1453 1098 1496 cnm
1122 1435 1272 1512 consequi

156 1558 389 1640 possessionem
405 1559 552 1639 ueiimus;
572 1558 726 1638 quaedam
746 1557 983 1637 retinendae,
1003 1558 1157 1637 quaedam
1175 1559 1270 1621 reci·

121 1682 356 1764 {sperandae
383 1687 410 1744 3.
434 1683 713 1764 Adipiscendae
738 1683 948 1764 possessionis
971 1682 1034 1744 uim
1058 1681 1154 1744 habet
1177 1682 1328 1748 inter-10

157 1807 272 1870 dictum
297 1811 462 1886 ‘quorum
486 1808 683 1886 bonorum’,
709 1807 792 1886 quod
808 1807 960 1870 bonorum
977 1806 1153 1887 possessori
1170 1805 1270 1885 datur,

156 1931 254 1995 ueluti
277 1931 308 1993 in
332 1931 391 1994 hac
416 1932 536 2012 specie:
565 1938 703 1994 mortuus
732 1937 779 1994 est
808 1951 894 1993 meus
924 1938 1090 2012 cognatus:
1120 1932 1271 1993 bonorum

157 2057 223 2119 eius
247 2057 479 2138 possessionem
505 2057 609 2120 ‘unde
634 2056 796 2137 cognati
822 2055 913 2136 petii:
939 2076 977 2118 ex
1002 2056 1048 2118 his
1070 2055 1160 2119 bonis
1177 2075 1271 2135 quae-

156 2181 229 2243 dam
252 2182 307 2244 alii
334 2182 546 2264 possidebant.
592 2182 701 2244 horum
729 2181 961 2263 possessionem
989 2200 1046 2262 per
1074 2180 1271 2243 interdictum

156 2326 306 2385 quorum
346 2309 523 2370 bonorum
567 2307 700 2389 adipisci
735 2327 870 2389 possum.
933 2314 981 2370 set
1017 2327 1080 2369 non
1119 2307 1271 2370 aduersus
1292 2318 1325 2369 15

156 2451 278 2494 omnem
305 2451 520 2514 possessorem
549 2432 746 2495 interdictum
774 2432 849 2494 mihi
878 2431 1014 2511 dabitur,
1043 2439 1091 2494 set
1119 2431 1271 2496 aduersus

156 2556 232 2620 duos
257 2557 483 2635 tantummode,
509 2576 579 2619 enm
603 2576 714 2639 nempe
739 2557 792 2635 qui
815 2576 880 2638 pro
905 2555 1046 2618 herede
1070 2561 1101 2618 et
1124 2574 1194 2618 eum
1219 2557 1271 2634 qui

154 2700 219 2761 pro
253 2701 477 2762 possessore
506 2681 654 2764 possidet.
701 2681 824 2760 etquis
848 2700 913 2762 pro
948 2680 1085 2743 herede
1109 2681 1271 2762 possidet?

155 2805 207 2884 qui
231 2813 330 2868 semet
353 2805 501 2868 heredem
525 2825 594 2870 esse
619 2812 721 2887 putat:
747 2825 802 2869 cur
826 2811 930 2869 autem
954 2803 999 2868 ita
1022 2810 1152 2868 uocetur
1167 2805 1270 2868 dicen-

155 2928 226 2992 dum
250 2935 306 2993 est.
352 2930 457 3012 plures
482 2936 553 2994 sunt
582 2930 681 3010 modi,
711 2930 823 3011 quibus
851 2949 902 2993 res
930 2929 1054 3007 adquiri
1081 2937 1212 3010 possunt
1240 2935 1272 2992 et
1290 2944 1329 2994 20

155 3061 229 3132 quot
252 3061 323 3118 sunt
350 3054 448 3135 modi,
477 3061 523 3118 tct
550 3055 645 3118 etiam
673 3055 762 3117 tituli.
808 3053 956 3116 Titulus
985 3059 1033 3115 est
1060 3053 1270 3134 possessionis

155 3197 259 3241 causa.
305 3185 340 3241 ut
362 3198 435 3242 ecce
458 3179 618 3260 interrogo
642 3184 687 3242 te:
713 3179 818 3242 ‘unde
842 3179 936 3242 hanc
960 3198 1036 3241 rem
1063 3178 1268 3260 possides?’

153 3306 248 3382 tuque
264 3303 451 3385 respondes:
470 3303 567 3382 ‘quia
590 3303 681 3366 mihi
704 3303 843 3366 donata
867 3304 957 3366 est':
983 3308 1014 3366 et
1034 3302 1141 3365 titulus
1159 3301 1271 3364 dicitur

155 3429 230 3508 ‘pro
267 3427 430 3490 donato':
460 3435 514 3491 aut
541 3427 638 3507 ‘quia
671 3447 749 3490 eam
785 3426 880 3490 emi':
910 3431 942 3490 ct
973 3425 1081 3489 titulus
1117 3431 1165 3489 est
1192 3429 1275 3508 ‘pro
