3298 5322
550 414 591 422 —
638 381 702 444 416
758 415 791 424 --

108 549 331 618 ‘monianum
354 550 392 616 in
414 571 546 618 aream
569 558 669 618 tuam
692 552 926 637 proiciendi',
949 553 1002 618 uel
1018 553 1134 636 ‘tigna
1150 574 1230 622 mea

107 673 147 737 in
169 674 358 756 parietem
381 681 496 757 tuum,
526 676 591 757 qui
614 678 766 742 uicinus
789 677 879 741 mihi
903 697 955 759 es,
984 677 1229 743 immittendi'.
1284 691 1288 700 ’

107 797 273 880 negatoria
297 803 403 864 autem
427 799 459 863 in
481 820 548 865 rem
563 801 762 883 intendimus,
788 819 859 865 cnm
882 801 1033 866 derebus
1049 801 1229 884 incorpora·

107 919 193 986 libus
218 921 364 987 dicimus:
391 923 557 1007 ‘siparet
572 925 660 989 huic
676 925 734 990 ius
749 925 880 990 utendi
900 923 1051 989 fruendi
1071 923 1229 989 aedibus
1321 928 1325 934 '

106 1045 201 1110 meis
225 1066 355 1112 meone
378 1046 497 1114 fundo
521 1068 593 1113 non
609 1049 716 1132 esso’,
740 1049 793 1114 uel
817 1047 997 1116 ‘iumenta
1018 1068 1086 1132 per
1112 1068 1229 1112 meum
1266 1061 1282 1114 5

106 1170 260 1236 fundum
288 1171 439 1253 agendi'
467 1173 520 1237 uel
548 1172 645 1238 ‘inde
674 1193 809 1255 aquam
838 1173 1018 1254 ducendi',
1051 1172 1104 1236 uel
1131 1174 1228 1240 ‘suas

105 1294 224 1359 aedes
248 1295 366 1360 altius
389 1295 561 1362 tollendi’
594 1298 647 1362 uel
669 1297 716 1362 ‘in
738 1317 844 1362 meas
872 1295 1144 1380 prospiciendi
1176 1297 1229 1362 ucl

107 1418 333 1483 ‘manianum
358 1419 395 1483 in
417 1440 520 1485 meas
548 1421 663 1486 aedes
691 1422 753 1486 uel
776 1421 812 1485 in
835 1441 951 1486 meam
976 1441 1101 1485 arcam
1124 1419 1228 1503 proi·

105 1543 229 1607 cendi'
246 1544 299 1607 uel
316 1544 363 1607 ‘in
382 1545 552 1628 parietes
575 1565 677 1610 meos
701 1565 818 1611 onera
841 1545 1087 1610 immittendi.
1119 1563 1227 1609 omncs

110 1675 218 1732 autem
242 1669 397 1734 eiusmodi
412 1669 561 1752 actiones,
586 1690 667 1752 quac
683 1671 848 1753 negatorie
864 1671 979 1734 iurem
999 1675 1172 1751 mouentur,
1195 1669 1227 1732 in
1248 1679 1281 1731 10

108 1794 206 1858 rebus
230 1794 451 1876 corporalibus
474 1795 578 1860 locum
605 1814 668 1859 non
691 1795 816 1859 habent.
867 1793 1027 1859 illeenim
1051 1800 1172 1858 tantum
1194 1793 1227 1856 in

105 1937 175 1982 rem
199 1917 279 2000 agit,
312 1919 366 1998 qui
388 1939 452 1984 non
473 1919 630 2002 possidet3
660 1918 691 1983 ei
713 1938 804 2000 uero,
833 1918 887 2002 qui
910 1917 1064 2001 possidet,
1093 1923 1227 1983 nonest

106 2042 192 2108 actio
210 2043 326 2106 iurem
343 2041 483 2126 prodita3
508 2062 611 2124 neque
628 2043 733 2108 dicere
749 2062 894 2126 possum:
920 2042 971 2106 »si
993 2047 1105 2125 paret
1119 2041 1227 2107 illum

106 2166 263 2230 fundum
286 2166 396 2230 illius
419 2185 494 2230 non
517 2186 630 2231 esse«.
664 2186 742 2231 sane
764 2186 827 2230 uno
851 2185 929 2230 casu
944 2166 981 2248 is,
1007 2165 1061 2245 qui
1076 2163 1225 2249 possidet,

105 2291 139 2354 in
162 2310 229 2354 rem
253 2307 350 2373 agere
373 2295 487 2373 potest,
513 2291 567 2372 qui
590 2290 682 2354 simul
706 2296 737 2354 et
760 2290 924 2374 possideat
940 2296 972 2354 et
987 2289 1103 2354 actoris
1119 2295 1226 2372 partas
1248 2298 1280 2350 15

105 2414 276 2495 sustineat,
308 2415 403 2479 sicuti
424 2413 457 2478 in
480 2413 646 2479 latioribus
677 2413 872 2497 digestorum
901 2413 990 2478 libris
1021 2411 1226 2496 opportunius

106 2538 282 2622 apparebit.
328 2539 447 2620 itaque,
475 2545 509 2603 ut
532 2539 643 2624 paucis
667 2539 822 2621 dicamne,
845 2545 910 2602 tam
934 2537 973 2601 de
998 2537 1225 2620 corporalibus,

106 2663 266 2744 quamde
295 2663 548 2748 incorporalibus
575 2665 670 2728 rebus
705 2663 742 2728 in
776 2682 854 2727 rem
889 2662 943 2746 agi
970 2666 1087 2746 potest,
1124 2660 1226 2734 setin

106 2787 326 2870 corporalibus
366 2792 487 2852 tantum
522 2787 760 2852 confessoris
796 2789 858 2869 (est
891 2790 996 2854 autom
1031 2785 1227 2850 confessoris

105 2911 192 2976 actio
217 2931 287 2976 oum
312 2912 382 2994 quis
406 2912 455 2976 ius
479 2911 563 2992 quod
586 2912 684 2977 habet
707 2910 879 2991 confitetur,
906 2909 1027 2974 dicens:
1054 2909 1096 2973 ‘si
1118 2913 1226 2992 paret
1245 2914 1280 2968 20

102 3036 202 3100 hunc
225 3036 382 3100 fundum
403 3055 519 3100 meum
536 3037 645 3119 osse’)
665 3035 698 3098 in
714 3034 965 3118 incorporalibus
977 3041 1083 3099 autem
1097 3041 1128 3096 et
1144 3051 1225 3096 oon·

100 3159 276 3224 fessorle
301 3167 333 3225 et
355 3160 564 3242 negatoria
610 3158 865 3239 confessorie,
889 3158 990 3223 ueluti
1012 3177 1083 3223 cum
1106 3155 1223 3220 dicam:

101 3284 146 3348 ‘si
168 3291 281 3368 paret
296 3285 354 3349 ius
370 3283 460 3348 mihi
483 3304 566 3348 esse
583 3283 714 3348 utendi
729 3283 904 3365 fruendi’;
929 3281 1093 3364 negatoria
1110 3285 1224 3362 autem,

102 3428 176 3472 cum
200 3408 234 3472 id
256 3409 333 3474 iuris
357 3408 543 3475 aduersario
568 3427 638 3472 esse
661 3426 785 3489 negem,
816 3406 940 3471 dicens:
971 3406 1013 3470 ‘si
1035 3410 1144 3488 paret
1167 3402 1225 3468 ius

101 3533 239 3598 utendi
261 3533 414 3598 fruendi
436 3533 551 3598 fundo
572 3551 651 3596 mcc
681 3529 905 3595 aduersario
929 3549 1002 3594 non
1025 3530 1129 3594 esse'.
1167 3527 1225 3597 ita·
1244 3535 1278 3587 25

135 4237 137 4240 '
157 4235 253 4287 uneopn.
268 4237 380 4278 Antecess.
395 4247 436 4276 rac,
452 4235 540 4275 damini.
