3384 5314
623 399 863 464 —468-

154 582 177 632 6.
189 592 284 653 agere
309 592 453 656 coepero,
478 575 533 638 rei
556 574 752 639 indicatae
770 575 953 658 exceptione
974 574 1123 658 expellar.
1163 578 1191 641 6.
1214 575 1302 639 Haec

189 697 334 780 exempla
364 697 516 762 hactenus
544 700 688 764 retulisse
720 699 847 781 sufficit,
885 719 924 763 ex
953 699 1064 780 quibus
1100 699 1302 782 exceptiones

188 829 366 885 nascuntur.
412 823 495 887 aliae
519 824 626 907 plures
650 831 721 888 sunt
749 844 878 906 causae,
908 844 989 906 quae
1019 825 1220 907 exceptiones
1249 825 1303 888 ad-

187 946 320 1023 mittunt,
346 967 423 1028 quas
447 949 571 1031 plenius
595 969 634 1013 ex
656 949 786 1031 digestis
811 969 865 1014 seu
889 949 1053 1033 pandectis
1076 949 1303 1031 intellegemus.

153 1085 177 1134 t.
191 1075 217 1137 7.
235 1071 401 1136 Sciendum
425 1079 473 1137 est
489 1079 593 1138 autem
610 1074 830 1156 exceptionum
847 1073 1000 1155 quasdam
1017 1074 1196 1156 exlegibus
1218 1073 1302 1154 oriri,
1341 1089 1355 1138 5

189 1196 341 1277 quasdam
366 1217 405 1262 ex
429 1198 477 1262 his
505 1218 587 1280 quae
615 1199 696 1280 legis
723 1199 825 1264 uicem
853 1199 994 1282 optinent
1022 1199 1134 1282 (ueluti
1162 1204 1303 1263 senatus·
1379 1219 1383 1226 ’

189 1321 340 1386 consultis
364 1330 396 1386 et
412 1323 698 1407 constitutionibus)
716 1344 786 1388 esse
803 1323 1006 1402 introductas,
1032 1323 1185 1403 quasdam
1201 1324 1303 1406 ipsum

152 1457 178 1510 8.
188 1451 366 1528 praetorem
381 1447 593 1530 proposuisse.
629 1451 657 1514 8.
673 1449 900 1532 Exceptionum
918 1448 1074 1528 quaedam
1097 1453 1303 1532 perpetuae

189 1577 269 1652 sunt,
286 1591 367 1653 quae
384 1578 415 1636 et
430 1572 709 1655 peremptoriae
726 1579 888 1655 uocantur,
906 1573 1061 1653 quaedam
1073 1573 1302 1656 temporales

153 1708 177 1757 9.
189 1696 241 1758 uel
271 1696 485 1760 dilatoriae.
533 1700 561 1763 9.
584 1697 624 1760 Et
651 1697 932 1780 peremptoriae
956 1703 1041 1778 sunt,
1071 1717 1152 1778 quae
1181 1717 1304 1781 semper
1326 1709 1357 1759 10

188 1822 296 1903 agenti
333 1825 471 1906 obstant,
509 1831 539 1888 et
575 1844 699 1908 semper
733 1825 905 1900 actionem,
940 1844 1003 1904 qua
1034 1824 1102 1906 ipse
1137 1823 1304 1905 experitur,

188 1954 368 2030 peremunt;
409 1947 452 2035 [et
489 1949 560 2014 ideo
600 1949 645 2013 ita
683 1948 844 2035 uocantur]
885 1949 959 2031 quia
996 1954 1190 2031 peremunt
1232 1947 1304 2010 nim

190 2072 369 2155 actionis3
394 2074 467 2138 talis
492 2080 539 2138 est
563 2075 706 2158 exceptio
723 2074 788 2139 doli
804 2081 835 2138 et
850 2080 951 2138 metus
968 2080 999 2138 et
1014 2073 1109 2157 pacti,
1134 2093 1204 2138 oum
1224 2073 1306 2136 inter

189 2215 238 2260 me
267 2203 299 2260 et
333 2198 507 2263 debitorem
542 2200 738 2280 conuenerit,
773 2220 813 2264 ne
842 2199 966 2264 omnino
996 2201 1036 2263 ab
1065 2219 1103 2263 eo
1138 2197 1304 2282 pecuniam

142 2327 310 2402 repetam.
359 2326 407 2388 10.
431 2325 676 2406 Temporales
704 2325 772 2388 siue
800 2324 1003 2389 dilatoriae
1039 2329 1123 2404 sunt,
1159 2342 1241 2403 quae
1264 2323 1306 2386 ad
1327 2338 1357 2388 15

190 2453 307 2510 certum
330 2454 453 2531 tempus
476 2469 576 2528 usque
601 2450 718 2532 opponi
740 2455 887 2532 possunt,
916 2449 1015 2512 ueluti
1041 2447 1127 2530 pacti
1150 2447 1303 2530 exceptio,

189 2591 259 2634 cum
282 2571 440 2637 interme
469 2593 507 2637 ae
534 2578 566 2638 te
594 2594 698 2638 meum
727 2574 900 2638 debitorem
930 2573 1126 2655 conuenerit,
1155 2593 1195 2637 ne
1223 2572 1305 2636 intra

189 2696 433 2778 quinquennium
462 2719 482 2761 a
514 2703 545 2763 te
578 2699 743 2782 pecuniam
779 2705 893 2782 petam.
951 2698 1034 2762 intra
1067 2697 1151 2778 quod
1182 2705 1305 2780 tempus

189 2823 297 2903 agenti
319 2823 395 2886 mihi
419 2829 595 2906 opponetur
618 2825 777 2908 exceptio:
807 2824 1020 2906 quinquennio
1050 2834 1155 2888 autem
1184 2823 1304 2905 elapso,

189 2947 395 3029 extinguetur.
441 2949 558 3030 itaque,
583 2949 629 3012 uti
645 2949 761 3013 dictum
777 2955 834 3031 est,
858 2949 977 3012 uolenti
993 2947 1068 3010 mibi
1084 2948 1166 3011 intra
1182 2954 1305 3030 tempus
1325 2965 1360 3016 20

189 3091 285 3153 agere
310 3073 455 3156 exceptio
479 3073 565 3158 pacti
579 3073 735 3156 praedicti
759 3078 935 3156 opponetur
959 3079 1013 3137 aut
1037 3073 1101 3136 alia
1117 3072 1235 3136 similis.
1275 3078 1306 3136 et

189 3196 260 3260 ideo
291 3217 348 3280 per
376 3198 620 3279 quinquennium
649 3204 817 3282 expectare
846 3198 961 3272 debeo,
995 3203 1026 3261 et
1055 3202 1168 3279 postea
1200 3216 1305 3279 agere.

189 3321 260 3385 ideo
300 3329 405 3386 autem
451 3322 660 3387 dilatoriae
700 3323 914 3406 appellantur,
962 3322 1037 3401 quia
1083 3321 1304 3385 dilationem

189 3446 347 3527 quandam
364 3447 497 3530 pariunt.
532 3447 608 3529 quid
625 3454 729 3511 autem
745 3447 773 3512 si
788 3447 871 3511 intra
888 3447 1131 3526 quinquennium
1149 3445 1305 3509 actionem

189 3570 388 3652 instituerim,
423 3572 501 3636 haec
535 3592 658 3636 mecum
693 3573 761 3656 ipse
790 3572 948 3654 cogitans:
985 3572 1065 3635 forte
1098 3571 1125 3634 si
1153 3572 1305 3652 obrepere
1324 3588 1358 3638 25
