3298 5322
842 291 1081 356 -392-

406 465 543 548 λέγομεν
565 467 627 530 εἴτε
649 467 693 539 είς
715 464 810 552 μέρος
833 467 895 528 εἴτε
917 467 961 540 είς
988 463 1166 551 ὁλόκληρον
1190 461 1318 551 ἄπορος
1341 462 1361 529 δ
1383 460 1515 549 κναφεύς

410 570 430 658 ή
453 569 471 637 δ
495 569 621 658 ῥάπτης
644 568 797 657 ύπάρχοι.
839 575 888 638 16.
914 568 964 635 Τά
988 571 1044 635 ἐπὶ
1066 567 1125 636 τού
1148 570 1296 657 κναφέως
1318 571 1372 634 καὶ
1395 567 1516 656 ῥάπτου
1525 586 1558 637 16.

408 678 559 766 εἰρημένα
582 675 718 742 ἅπαντα
745 685 849 742 ταῦτα
877 677 1053 764 μετέφερον
1081 676 1112 742 οἳ
1134 679 1271 742 παλαιοί
1298 678 1352 741 καὶ
1380 676 1436 740 ἐπὶ
1463 684 1517 742 τού

413 783 660 870 χρησαμένονθ).
700 786 728 847 εί
750 781 812 870 γάρ
836 807 899 848 τινι
923 781 1040 870 ἔχρησα
1062 781 1100 848 τδ
1120 781 1198 868 έμδν
1213 780 1341 867 τνχδνῑ)
1365 783 1514 867 βιβλίονλ)

370 891 534 975 ι’)έκλάπη
558 889 595 953 δὲ
617 897 726 966 τοῦτο,
750 887 861 970 ἐπειδή
886 891 1074 956 commodati
1097 893 1185 970 εἶχον
1208 887 1338 974 ἀγωγήν
1360 887 1444 953 κατά
1464 899 1518 954 τοίι

408 1000 625 1082 χρησαμένου,
653 995 697 1059 δι’
719 994 754 1084 ής
782 993 915 1072 έσύζετύ
938 1019 994 1079 μοι
1016 994 1053 1062 τὸ
1083 1001 1205 1082 τίμημα
1227 1004 1286 1062 τοῦ
1312 996 1518 1084 χρησθέντος,

410 1101 468 1168 οὐκ
490 1103 561 1185 ἐμοί
583 1100 629 1190 τῷ
652 1099 794 1190 δεσπότη
817 1099 902 1166 α’λλά
921 1111 967 1189 τῷ
988 1103 1177 1190 χρησαμένῳ
1200 1102 1219 1191 ή
1241 1105 1317 1167 furti
1338 1107 1518 1187 παρείχετο,

408 1207 520 1295 ἐπειδή
555 1205 655 1274 αύτδν
689 1206 800 1274 ἐλύπει
828 1208 848 1294 ή
876 1207 980 1294 κλοπή
988 1211 1013 1292 ³)
1051 1212 1246 1292 συμβᾶσα4)·
1276 1208 1428 1296 έκέρδανε
1460 1206 1517 1294 γάρ
1617 1275 1618 1278 ,

410 1315 593 1400 σωζομένου
615 1323 674 1381 τοῦ
700 1313 905 1402 πράγματος.
951 1313 989 1393 τὸ
1014 1315 1051 1379 δέ
1078 1316 1191 1402 κέρδος
1219 1315 1258 1401 ήν
1285 1313 1343 1380 οὐκ
1370 1315 1406 1380 έν
1428 1313 1519 1401 λήψει

361 1437 395 1488 10
413 1420 596 1509 χρημάτων,
620 1419 690 1486 ἀλλ’
707 1422 742 1486 έν
762 1419 994 1508 α’ποπληριύσει
1015 1419 1150 1498 σκοπού,
1168 1422 1348 1508 ἐπληροῦτο
1365 1421 1403 1484 δὲ
1424 1416 1519 1487 αὐτού

407 1527 426 1594 o‘
450 1526 570 1602 σκοπδς
598 1525 654 1591 διά
677 1525 715 1593 τὸ
741 1537 795 1614 της
823 1525 964 1614 χρήσεως
992 1525 1173 1594 ἀπολαύειν
1200 1530 1253 1592 καὶ
1282 1526 1401 1592 τούτου
1427 1526 1519 1614 χάριν

410 1636 595 1718 diligentian
617 1632 782 1721 έχρειύστει
805 1635 861 1698 έπλ
883 1633 929 1722 τῷ
951 1633 1132 1721 πράγματι,
1156 1633 1259 1718 ὥςπερ
1280 1638 1333 1698 καί
1349 1633 1367 1700 ὁ
1382 1632 1519 1721 κναφεύς

408 1751 454 1827 τῷ
475 1741 652 1824 λαμβάνειν
678 1739 736 1806 τάν
762 1739 897 1824 μισθόν.
947 1744 975 1805 εί
1004 1741 1040 1804 δέ
1067 1740 1195 1828 ἄπορος
1222 1741 1261 1827 ήν
1283 1740 1302 1807 ὁ
1325 1741 1518 1828 χρησάμενος

408 1851 452 1922 είς
476 1842 650 1933 ύλάκληρον
671 1846 691 1932 ή
714 1848 749 1912 έν
771 1848 868 1934 μέρει,
893 1846 1025 1930 ὁνόμος
1041 1848 1096 1911 ἐπ’
1110 1848 1164 1930 ἐμὲ
1179 1845 1237 1937 τήν
1252 1849 1326 1913 furti
1340 1851 1518 1933 μετέφερεν.
1618 1859 1619 1928 λ

355 1968 389 2020 15
410 1952 494 2018 άλλά
518 1953 622 2019 ταῦτα
644 1955 704 2036 μὲν
727 1951 808 2018 κατά
826 1959 958 2039 μίμησιν
973 1951 1031 2018 τού
1049 1951 1177 2039 ῥάπτον
1196 1956 1250 2018 καί
1265 1957 1414 2041 κναφέως
1429 1951 1518 2039 παρά

408 2073 475 2134 τοῖς
498 2064 652 2136 παλαιοῖς
680 2061 735 2124 ἐπὶ
758 2069 816 2126 τοῦ
844 2064 1045 2146 χρησαμένου
1073 2060 1346 2147 έτρακταίζπο5)·
1376 2057 1519 2136 διάταξις

409 2166 445 2230 δέ
475 2175 533 2232 τοῦ
564 2165 715 2253 ἡμετέρου
747 2168 893 2250 γέγονεῦ)
926 2167 1081 2249 βασιλέως
1109 2166 1262 2252 ζητήσεως
1288 2165 1438 2252 τοιαύτης
1469 2166 1517 2229 ἐπ’

409 2271 509 2338 αὐτόν
518 2271 788 2358 οἷνενεχθείσηςλ),
805 2272 881 2348 ὥςτε
893 2271 1019 2356 κλοπήν
1034 2271 1239 2349 ὑποστάντος
1251 2282 1310 2340 τοῦ
1321 2277 1519 2360 χρησαμένου

408 2379 556 2456 ἐξουσίαν
578 2383 660 2444 εἶναι
682 2379 729 2466 τῷ
744 2378 886 2469 δεσπύτη
908 2389 967 2445 τοῦ
987 2380 1168 2455 κλαπέντος
1183 2384 1245 2445 είτε
1259 2380 1319 2466 τήν
1333 2379 1520 2445 commodati
1619 2459 1620 2462 Ἴ

351 2499 390 2550 ’20
408 2487 558 2566 βούλεται
580 2484 663 2551 κατά
690 2484 749 2551 τού
777 2490 978 2573 χρησαμένου
1001 2495 1139 2572 κινήσαι,
1166 2490 1229 2552 εἴτε
1250 2483 1308 2571 τήν
1337 2487 1412 2551 furti
1437 2481 1518 2548 κατά

408 2590 466 2657 τού
490 2593 630 2657 κλέπτου
652 2595 706 2657 καὶ
728 2591 783 2678 τής
811 2591 922 2679 ἑτέρας
950 2593 1173 2679 έπιλεχθείσης
1200 2591 1241 2679 μή
1270 2590 1435 2659 δύνασθαι
1466 2588 1520 2657 τὸν

409 2697 571 2785 δεσπότην
586 2699 620 2762 ἐκ
635 2701 842 2783 μεταμελείας
858 2700 915 2764 ἐπὶ
930 2698 987 2785 τήν
996 2698 1109 2787 ἑτέραν
1120 2704 1366 2786 παραγίνεσθαι
1379 2696 1518 2784 α’χιοχήν,

409 2803 482 2870 ἄλλ’
495 2808 523 2868 ελ
539 2806 599 2889 μὲν
612 2805 796 2891 ἐπιλέξηται
812 2803 870 2870 τὸν
885 2806 1037 2892 κλέπτην,
1061 2806 1315 2894 ἐλευθερούσθω
1329 2803 1388 2872 τδυ
1407 2801 1519 2891 χρησά-

407 2934 517 2995 μενον,
540 2914 568 2975 εῑ
591 2912 628 2975 δέ
650 2910 667 2976 δ
691 2911 810 2998 χρήσας
833 2910 916 3000 έλθη
939 2909 1023 2976 κατά
1045 2911 1104 2978 τού
1126 2912 1338 3000 χρησαμένου,
1362 2908 1450 3000 αύτῷ
1463 2910 1519 2994 μέν

357 3032 395 3083 25
414 3027 459 3105 τῷ
481 3016 644 3105 χρήσαντι,
668 3016 772 3083 οέκέτι
794 3017 876 3082 κατά
901 3027 959 3084 τοῦ
981 3018 1122 3084 κλέπτου
1135 3018 1155 3104 ή
1169 3019 1243 3084 furti
1266 3013 1519 3108 δοθήσεται,τῷ
1620 3089 1621 3100 η

409 3124 446 3188 δέ
469 3124 658 3212 χρησαμένῳ
681 3123 803 3210 ταύτην
822 3123 842 3210 ή
862 3123 1010 3202 διάταξις
1029 3130 1163 3209 παρέχει
1185 3123 1268 3190 κατά
1291 3133 1350 3190 τοῦ
1371 3125 1517 3188 κλέπτου.
1620 3107 1621 3150 3

408 3227 480 3295 τότε
504 3230 541 3294 δέ
564 3229 583 3296 δ
606 3229 765 3317 δεσπότης
787 3229 846 3296 τού
870 3229 1065 3318 πράγματος
1092 3229 1220 3322 κινήσας
1242 3229 1301 3312 τήν
1324 3230 1518 3304 commodati,

408 3335 569 3418 οἷπύλλνσι
596 3335 654 3423 τήν
680 3339 769 3414 furti,
797 3336 890 3423 ήνίκα
918 3336 1011 3413 είδάις
1040 3336 1082 3413 τίς
1108 3337 1232 3424 έκλάπη
1258 3334 1295 3403 τδ
1323 3335 1462 3425 πρᾶγμα
1482 3332 1518 3400 τὸ

407 3446 563 3530 χρησθὲν,
579 3444 751 3521 ἐπελέξατο
768 3441 826 3529 τήν
843 3445 1043 3521 commodati,
1059 3442 1181 3529 χνούςὸ)
1200 3445 1237 3508 δὲ
1248 3442 1328 3526 μετά
1340 3441 1399 3530 τήν
1410 3439 1516 3524 κατὰλ)

496 3675 516 3742 1)
536 3673 562 3728 d.
581 3675 625 3728 vi.
645 3675 678 3728 R.
751 3675 773 3742 2)
791 3685 816 3745 μ.
837 3697 858 3728 τ.
878 3674 921 3728 ευ.
994 3675 1015 3743 ³)
1035 3673 1048 3742 ἡ
1070 3674 1112 3728 ad.
1131 3676 1174 3728 τι,
1193 3675 1236 3728 τε.
1254 3674 1298 3727 ιο.
1370 3671 1517 3743 *mm

403 3767 446 3817 κλ.
466 3762 509 3816 Vi.
528 3763 557 3816 F.
578 3763 611 3817 R.
730 3763 751 3832 δ)
772 3763 949 3828 είτεοίείζετο
968 3763 1002 3816 Μ.
1122 3763 1144 3831 ⁶)
1163 3763 1189 3817 d.
1208 3763 1251 3818 L⁶.
1371 3763 1393 3830 λ)
1414 3761 1456 3817 ἄν.
1476 3760 1517 3816 ἐπ’

405 3849 466 3906 αύτ.
485 3852 528 3905 F.:
549 3853 588 3913 εἰς
607 3851 664 3907 αύτ.
684 3852 728 3908 Vi.
747 3853 779 3907 R.
889 3851 911 3922 8)
932 3851 1035 3924 ἁγνούς
1052 3853 1092 3906 Pi.
1112 3851 1223 3924 άγνοῶν
1234 3851 1277 3906 Ιιῧ.
1385 3849 1408 3918 ⁹)
1428 3849 1517 3904 adm

404 3939 441 3994 M.
460 3940 499 3993 Pi.
518 3941 561 3994 L⁶.
582 3941 616 3994 R.

495 4049 520 4114 a)
540 4046 580 4102 cf.
599 4047 662 4100 Bas.
683 4047 767 4101 schol.
786 4048 813 4100 11
833 4051 874 4101 21.
