3328 5318
590 401 831 466 —426—

155 575 349 640 denuntiatio
372 573 413 640 fit.
448 594 511 640 non
535 575 617 640 enirn
642 575 803 640 denuntiat
826 575 856 638 ei
872 579 968 656 actor,
991 580 1025 638 ut
1046 573 1104 638 illa
1119 573 1170 638 die
1187 574 1269 640 adsit

100 708 143 760 16.
155 699 198 763 ad
220 699 354 764 iudicem
378 699 573 783 capiendum.
611 703 660 766 16.
677 699 823 764 Secunda
846 704 951 764 autem
975 698 1133 763 actionum
1156 697 1269 764 diuisio

154 823 234 887 haee
258 830 320 904 est,
349 823 434 904 quod
462 823 649 906 quibusdam
678 824 719 888 ad
741 824 788 889 rei
810 823 1058 908 persecutionem
1085 823 1271 906 experimur,

156 947 239 1012 idest
271 947 387 1012 nudam
428 968 496 1012 rem
529 947 677 1032 petimuS,
716 947 902 1030 quibusdam
937 953 1040 1012 autem
1075 947 1116 1011 ad
1150 966 1272 1030 poenae

155 1071 420 1154 persecutionem:
449 1072 605 1153 quaedam
629 1079 733 1137 autem
755 1072 872 1136 mixtae
896 1077 976 1154 sunt,
1001 1091 1083 1152 quae
1108 1076 1140 1136 et
1163 1071 1204 1134 ad
1227 1070 1274 1136 rei
1310 1081 1327 1133 5

102 1205 145 1256 17.
156 1195 408 1278 persecutionem
432 1203 576 1280 spectant
600 1203 631 1261 et
653 1197 840 1280 personales
856 1202 936 1261 sunt.
978 1199 1028 1262 17.
1052 1196 1093 1259 Et
1108 1195 1155 1260 rei
1170 1214 1275 1277 perse-

157 1319 302 1400 quendae
335 1340 432 1385 causa
460 1326 664 1404 comparatae
699 1327 770 1386 sunt
799 1340 907 1386 omnes
941 1320 978 1384 in
1011 1339 1087 1384 rem
1123 1319 1275 1383 actiones.

157 1462 266 1506 earum
288 1462 364 1508 uero
382 1443 550 1526 actionum,
575 1444 709 1524 quaein
732 1461 932 1534 personam
956 1449 1036 1525 sunt,
1063 1443 1123 1507 hae
1140 1441 1276 1524 quidem,

157 1585 239 1646 quae
264 1586 303 1631 ex
331 1568 545 1633 contractibus
573 1573 756 1650 nascuntur,
789 1569 856 1633 fere
892 1588 999 1633 omnes
1028 1568 1069 1632 ad
1097 1567 1144 1632 rei
1172 1587 1277 1650 perse·

158 1689 315 1754 cutionem
338 1691 551 1757 tantummodo
575 1698 734 1776 spectant:
758 1692 856 1756 ueluti
879 1692 1034 1757 condictio
1058 1691 1166 1773 mutui,
1193 1691 1274 1756 actio
1296 1701 1331 1752 10

158 1833 199 1878 ex
222 1814 385 1897 stipulatu,
409 1815 608 1897 commodati,
634 1815 782 1898 depositi,
806 1836 863 1899 pro
886 1815 984 1891 socio,
1008 1835 1047 1880 ex
1072 1820 1176 1898 empto
1202 1834 1276 1879 uen-

158 1937 234 2019 dito,
260 1938 356 2002 locati
380 1938 534 2003 conducti.
580 1958 649 2003 cum
678 1944 782 2003 autem
806 1937 937 2002 dixerim
961 1937 1098 2022 depositi
1121 1939 1276 2004 actionem

157 2061 201 2125 ad
223 2061 270 2125 rei
292 2067 412 2125 tantum
436 2063 688 2144 persecutionem
712 2069 926 2146 comparatam
950 2082 1030 2144 esse,
1060 2061 1276 2127 admonendus

158 2206 209 2266 es,
240 2185 267 2249 si
291 2185 392 2250 ciuilis
421 2187 570 2251 turnultus
593 2188 646 2251 uel
668 2187 805 2251 incendii
827 2188 879 2251 uel
906 2187 1065 2270 naufragii
1090 2207 1192 2284 causa¹
1209 2206 1276 2250 rem

158 2309 245 2392 apud
260 2309 376 2374 Titium
393 2310 601 2394 deposuerim,
626 2311 680 2375 ifle
696 2315 800 2375 autem
816 2318 938 2394 postea,
963 2330 1032 2374 oum
1053 2331 1104 2375 res
1119 2315 1275 2393 repetere·
1295 2322 1329 2375 15

158 2442 225 2514 tur,
249 2454 370 2498 moram
393 2435 425 2499 in
448 2435 607 2500 reddendo
630 2435 755 2516 fecerit,
785 2441 817 2499 et
844 2455 913 2499 oum
941 2434 1052 2499 eodem
1075 2433 1159 2499 Titio
1188 2435 1275 2499 here

159 2557 241 2622 dene
265 2559 332 2623 eius
357 2563 480 2641 agatur,
505 2560 671 2624 dummodo
698 2559 803 2623 dolum
820 2561 860 2623 ab
876 2558 992 2623 herede
1010 2558 1180 2623 admissum
1204 2577 1276 2623 esse

157 2683 317 2766 probetur,
340 2701 403 2747 non
425 2685 609 2748 ramsolam
632 2691 680 2748 set
703 2683 798 2749 etiam
817 2683 949 2747 alterum
971 2688 1091 2746 tantum
1109 2682 1274 2747 restituere

158 2825 230 2870 eum
263 2806 387 2871 debere.
434 2807 521 2890 dupli
553 2827 628 2872 uero
661 2806 872 2890 persequendi
903 2805 1007 2888 gratia
1039 2805 1165 2868 dabitur
1191 2805 1273 2869 actio

158 2929 309 3013 depositi,
345 2939 377 2996 et
407 2932 549 3013 quamuis
582 2951 621 2996 ex
656 2937 819 2996 conuactu
847 2936 917 2996 orta
949 2929 1002 3012 sit,
1036 2935 1142 2993 tamen
1169 2928 1273 2992 mixtis
1293 2940 1329 2993 20

158 3054 337 3118 actionibus
362 3051 631 3133 adnumerabitur,
663 3071 743 3132 quae
767 3070 890 3134 poenae
913 3055 945 3114 et
966 3049 1014 3114 rei
1036 3047 1274 3132 persequendae

95 3197 145 3249 18.
160 3197 261 3242 causa
284 3183 355 3242 sunt
370 3181 580 3260 comparatae.
619 3178 667 3241 18.
684 3175 832 3239 Actiones
848 3194 924 3239 uero
941 3193 981 3238 ex
1001 3171 1154 3237 maleficio
1171 3177 1274 3274 natae,

157 3302 253 3367 modo
269 3321 405 3385 poenam
421 3301 522 3366 solam
538 3305 751 3383 persecuntur,
774 3299 866 3363 modo
882 3317 1017 3382 poenam
1034 3303 1065 3362 et
1079 3317 1146 3361 rem
1161 3296 1272 3380 ipsam,

159 3432 193 3490 et
220 3427 260 3491 ob
287 3425 321 3490 id
350 3425 490 3488 mixtae
520 3430 598 3488 sunt.
644 3442 779 3506 poenam
813 3428 933 3502 tantum
966 3420 1183 3505 persequimur
1216 3439 1274 3503 per

157 3549 236 3614 furti
270 3551 439 3632 actionem3
475 3549 542 3613 siue
571 3547 729 3612 manifesti
764 3554 876 3630 agatur
904 3545 1082 3630 quadrupli,
1117 3545 1184 3610 siue
1214 3564 1273 3609 nec
1291 3561 1328 3613 25

158 3673 329 3756 manifesti,
348 3674 442 3758 dupli.
466 3694 539 3738 nam
554 3673 656 3757 ipsam
671 3692 737 3736 rem
752 3672 834 3737 furto
852 3672 991 3736 ablatam
1006 3671 1136 3755 propria
1147 3669 1273 3734 actione
