3164 5338
563 454 604 465 -
649 420 712 484 334
755 455 792 465 -
901 463 929 492 »0

132 605 270 672 aduersus
292 603 402 686 pupilli
417 603 599 683 debitorem,
623 608 655 669 et
673 603 723 668 hic
738 603 926 686 respondere
941 603 1019 668 nolit
1033 623 1134 686 neque
1148 605 1235 670 litem

132 725 290 806 suscipere,
311 724 394 805 ¹quia
420 723 558 788 nondum
589 743 608 788 a
629 727 736 788 tutore
763 723 950 789 satisdatum
965 725 1026 804 sit,
1051 743 1121 789 cum
1143 725 1236 789 aliter

130 843 163 908 lis
181 842 347 926 procedere
368 861 431 907 non
452 843 561 925 possit,
589 843 677 908 iubet
698 842 789 908 iudex
810 847 948 908 tutorem
969 843 1080 925 pupilli
1103 843 1235 908 debitori

129 964 197 1028 setis
227 963 302 1028 dare
332 953 401 1029 rem
428 963 539 1046 pupilli
567 963 688 1056 saluam
715 963 789 1029 fore.
839 963 916 1029 haec
945 963 1042 1045 igitur
1070 965 1235 1028 satisdatio

129 1083 290 1148 communis
312 1083 491 1148 inuenietur
512 1082 614 1148 edicto
635 1072 788 1164 praetoris
811 1088 843 1148 et
865 1081 964 1148 officio
987 1083 1107 1148 iudicis.
1148 1083 1235 1148 Idem
1253 1104 1269 1154 5

127 1207 169 1266 est
188 1202 218 1266 in
238 1201 441 1284 stipulatione
467 1201 534 1294 »de
556 1207 684 1282 rato«;
706 1221 777 1268 nam
793 1221 864 1267 cum
885 1208 1014 1285 praetor
1035 1203 1142 1268 iubeat
1164 1221 1236 1268 eum
1362 1285 1364 1288 Ι
1478 1269 1481 1276 ,

126 1323 174 1403 qui
194 1323 295 1388 abeno
317 1328 392 1404 agat
413 1323 548 1402 nomine,
576 1341 647 1388 cum
670 1323 848 1406 ambigatur
869 1342 908 1388 an
930 1341 968 1387 ex
990 1321 1107 1386 domini
1128 1321 1236 1386 volun-

125 1447 185 1508 tate
195 1443 346 1521 intendat,
360 1443 528 1508 satisdare:
545 1443 572 1509 si
587 1444 657 1526 quis
672 1444 853 1508 mandatum
869 1443 1007 1508 absentis
1021 1440 1235 1524 praeseferens

125 1581 221 1627 meum
244 1563 323 1628 uelit
338 1582 439 1645 agere,
463 1583 575 1648 meque
598 1565 637 1631 de
651 1566 799 1631 mandato
816 1566 979 1631 dubitante
993 1564 1141 1630 iudicium
1164 1583 1236 1646 pro-

125 1681 227 1747 cedere
256 1688 408 1764 nequeat,
440 1689 531 1766 coget
556 1685 649 1750 iudex
679 1689 816 1751 actorem
845 1705 969 1780 cauere
986 1689 1132 1748 »ratam
1159 1701 1235 1749 rem
1257 1694 1287 1744 10

125 1801 320 1867 dominum
341 1803 607 1868 habiturum«.
649 1805 692 1870 Et
713 1805 759 1869 ita
780 1805 820 1870 ad
833 1787 1038 1887 praesentem
1061 1803 1235 1886 stipulatio·

123 1939 188 1986 nem
203 1923 455 1990 constituendam
470 1929 662 1989 concurrunt
683 1930 749 1990 tam
764 1929 900 2008 praetor,
924 1925 978 2008 qui
1000 1923 1058 1988 hac
1074 1923 1113 1988 de
1128 1943 1162 1989 re
1184 1942 1235 2006 ge

122 2043 251 2106 neratim
274 2043 377 2122 edicit,
401 2063 495 2127 quam
518 2045 627 2124 iudex,
650 2047 705 2129 qui
726 2046 802 2112 haec
824 2047 891 2116 fieri
913 2042 1075 2129 procurat,
1098 2051 1136 2110 ut
1156 2044 1235 2109 iudi-

123 2161 199 2225 cium
221 2163 416 2245 expediatur.
457 2219 458 2224 ,

295 2777 342 2842 De
364 2777 527 2844 inutilibus
549 2779 819 2862 stipulationibus,
859 2781 981 2846 Titulus
1006 2785 1054 2847 19.

199 2927 447 3012 Stipulationum
459 2933 613 3014 quaedam
628 2935 720 3000 utiles
736 2941 818 3016 sunt,
835 2937 990 3018 quaedam
1005 2956 1080 3003 uero
1095 2938 1231 3004 inutiles.
1254 2955 1284 3004 rs

117 3051 163 3112 set
183 3049 280 3114 utiles
303 3049 431 3130 quidem
445 3053 563 3118 multae
578 3058 661 3133 sunt,
677 3055 803 3122 inutiles
819 3061 925 3121 autem
940 3075 1068 3139 paucae.
1099 3057 1233 3141 Oportet
1357 3145 1360 3152 Ι

118 3183 187 3247 ergo
210 3167 251 3233 de
273 3169 382 3250 paucis
403 3170 452 3236 his
474 3171 634 3254 dispicere,
658 3173 728 3238 hinc
750 3175 832 3240 enim
854 3176 978 3240 utilium
1000 3177 1232 3243 multitudinem

117 3287 309 3352 nouerimus.
346 3289 378 3354 in
400 3290 509 3372 primis
532 3291 719 3358 admonendi
745 3313 885 3360 summus
908 3314 1031 3360 omnem
1053 3315 1129 3376 rem,
1152 3315 1233 3378 quae

115 3411 221 3471 nostro
245 3406 383 3472 dominio
405 3409 571 3490 subicitur,
600 3417 685 3478 recte
706 3413 738 3477 in
760 3414 994 3497 stipulationem
1016 3415 1141 3495 deduci,
1165 3417 1233 3482 siue

85 3541 101 3591 1.
115 3526 237 3593 mobilis
260 3527 304 3592 sit
330 3527 399 3592 siue
420 3529 487 3594 soli.
535 3534 561 3594 1.
582 3532 625 3595 At
644 3532 671 3597 si
693 3531 763 3614 quis
786 3553 865 3614 rem,
894 3553 975 3617 quae
996 3535 1029 3600 in
1050 3552 1157 3602 rerum
1179 3556 1233 3602 na·
1250 3552 1284 3603 20

114 3647 184 3710 tura
205 3665 271 3711 non
294 3651 359 3726 est,
382 3667 438 3733 nec
460 3651 529 3744 esse
550 3655 668 3733 potest,
693 3649 753 3718 sibi
774 3653 842 3718 dari
865 3655 1033 3738 stipulatus
1056 3629 1165 3737 merit,
1188 3657 1233 3722 in·

115 3764 197 3832 utilis
211 3767 277 3832 erit
291 3767 461 3849 stipulatio.
499 3788 559 3849 res,
575 3790 658 3852 quae
671 3771 704 3837 in
723 3791 829 3838 rerum
844 3778 959 3841 natura
973 3795 1035 3842 non
1050 3782 1107 3856 est,
1131 3782 1180 3842 est
1201 3779 1233 3842 in

113 3887 253 3971 exemplo
269 3887 463 3996 huiusmodi:
483 3889 729 3974 »Spondesne
743 3894 839 3960 mihi
854 3893 1232 3996 Stichumhominem

113 4001 248 4116 darei«
275 4009 330 4090 qui
351 4014 495 4076 mortuus
517 4011 570 4090 sit,
592 4031 662 4078 cum
680 4011 759 4080 falso
774 4034 846 4080 eum
860 4015 969 4082 uiuere
990 4003 1110 4098 putem,
1138 4006 1232 4096 'Quod
