3328 5318
587 373 825 436 -450—

151 547 323 610 autetiam
352 553 441 609 sexta
469 567 543 629 pars
571 547 694 629 peculii.
741 568 842 627 neque
870 547 957 610 illam
987 547 1112 626 quidem
1140 553 1261 610 sextam

151 677 271 752 partem
304 671 420 753 peculii
455 671 588 734 solidam
622 672 822 752 consequitur
858 679 958 751 actor,
994 672 1026 734 in
1055 692 1117 750 qua
1151 691 1260 734 seruus

150 795 336 876 negotietur,
360 796 387 858 si
399 781 566 859 tributoria
582 802 709 877 agatur3
734 803 782 859 set
797 796 829 858 id
845 802 975 876 tantum,
1000 795 1083 876 quod
1100 816 1119 858 a
1136 795 1260 858 domino

149 920 182 981 in
205 919 354 982 mercium
378 920 595 983 distributione
624 920 763 983 ablatum
791 927 846 982 est.
892 919 991 1001 partis
1018 920 1113 1000 igitur
1141 927 1261 1001 partem

149 1049 239 1106 actor
267 1044 475 1124 consequitur.
533 1045 673 1124 reliquae
702 1051 807 1108 autem
835 1044 950 1126 peculii
978 1044 1089 1126 partis,
1120 1064 1201 1123 quae
1229 1045 1261 1106 in
1298 1055 1313 1104 5

148 1167 287 1250 praediis
312 1175 343 1231 et
365 1169 529 1252 mancipiis
553 1175 609 1246 est,
634 1169 772 1244 eteius,
800 1161 882 1249 quod
905 1188 997 1231 seruo
1023 1169 1062 1231 ab
1087 1169 1158 1231 aliis
1181 1167 1260 1231 forte

149 1312 188 1356 ex
211 1298 319 1355 mutuo
344 1291 485 1373 debetur,
509 1293 589 1356 ratio
613 1313 675 1356 non
699 1294 839 1356 habetur.
887 1297 1010 1375 oportet
1038 1291 1133 1373 igitur
1157 1312 1261 1371 quem-

149 1438 244 1498 quam
267 1416 352 1499 prius
377 1417 451 1496 quid
474 1417 536 1480 sibi
558 1417 705 1499 expediat
728 1417 927 1481 considerare
951 1422 983 1479 et
999 1417 1146 1498 deinceps
1166 1417 1260 1478 tribu-

148 1541 262 1604 toriam
286 1541 439 1605 actionem
463 1541 569 1606 uelde
586 1543 708 1624 peculio
726 1542 852 1623 eligere.
895 1547 979 1605 certe
996 1541 1023 1604 si
1040 1541 1109 1620 quis
1125 1542 1260 1623 probare

149 1672 253 1748 potest
269 1685 307 1728 ea
324 1685 404 1744 quae
420 1674 526 1729 mutuo
544 1667 629 1729 dedit
645 1667 676 1729 in
692 1686 757 1729 rem
774 1666 891 1728 domini
903 1686 997 1729 uersa
1008 1685 1088 1745 esse,
1106 1666 1260 1729 actionem
1281 1674 1315 1722 lo

150 1790 188 1852 de
212 1790 336 1871 peculio
353 1790 470 1871 eligere
488 1791 590 1870 debet,
616 1797 649 1852 ut
665 1811 704 1853 ex
725 1791 828 1872 capite
853 1791 896 1853 de
920 1809 977 1869 eo,
1003 1790 1102 1869 quod
1125 1790 1162 1852 in
1185 1809 1260 1852 rem

113 1930 297 1978 euersum
322 1922 391 1996 est,
417 1915 633 1979 condemnatio
657 1916 719 1978 fiat.
767 1919 794 1980 6.
819 1913 909 1990 Quae
939 1915 1073 1978 diximus
1102 1915 1140 1978 de
1169 1934 1260 1977 seruo

148 2045 180 2101 ct
205 2039 342 2121 domino,
371 2039 481 2102 eadem
509 2039 719 2120 intellegimus
744 2047 774 2103 et
799 2040 837 2102 de
860 2039 923 2102 filio
948 2047 978 2102 et
1000 2039 1065 2114 filia
1090 2045 1121 2102 et
1147 2047 1260 2121 nepote

112 2167 137 2217 7.
149 2170 180 2226 et
195 2169 289 2244 nepte
306 2170 337 2226 et
353 2163 391 2226 de
407 2169 497 2245 patre
515 2170 545 2226 et
561 2183 632 2244 auo,
649 2165 682 2226 in
698 2183 830 2244 quorum
846 2170 1002 2246 potestate
1020 2169 1097 2226 sunt.
1135 2167 1163 2228 7.
1180 2163 1261 2225 lllud

149 2293 253 2350 autem
271 2287 397 2370 proprie
414 2293 560 2350 seruatur
574 2288 606 2350 iu
623 2288 792 2352 liberorum
815 2307 960 2370 persona,
986 2287 1038 2366 qui
1057 2287 1089 2349 in
1105 2292 1260 2368 potestate
1282 2299 1312 2346 lu

148 2418 234 2492 sunt,
269 2411 352 2492 quod
382 2413 686 2475 senatusconsultum
721 2412 1031 2474 Macedonianum
1066 2411 1260 2492 exceptionis

147 2536 241 2600 modo
265 2535 304 2598 iis
329 2537 504 2619 opponitur,
529 2536 582 2615 qui
604 2542 742 2598 mutuum
765 2535 966 2598 filiofamilias
991 2535 1140 2598 dederint.
1187 2535 1260 2614 quid

149 2668 255 2723 autem
285 2661 344 2724 hoc
374 2661 435 2723 sibi
461 2661 539 2723 uelit
569 2661 672 2724 dicere
706 2667 835 2743 oportet.
892 2659 949 2721 fuit
980 2660 1099 2722 Romae
1133 2659 1260 2738 quidam

147 2785 273 2848 nomine
289 2784 430 2864 Macedo,
456 2784 508 2864 qui
525 2804 594 2848 cum
606 2785 639 2847 in
651 2785 700 2847 sui
712 2783 811 2866 patris
827 2789 983 2866 potestate
1004 2789 1096 2862 esset,
1121 2790 1259 2845 mutuam

147 2909 315 2990 pecuniam
339 2929 358 2971 a
382 2909 518 2988 quodam
542 2909 664 2991 aceepit
688 2928 818 2991 sperans
842 2907 981 2990 parentis
1006 2907 1053 2970 sui
1077 2912 1175 2971 morte
1205 2927 1259 2969 aes
1279 2915 1314 2966 20

148 3033 284 3096 alienum
298 3033 422 3096 soluere
438 3052 540 3114 posse.
563 3033 657 3113 longo
671 3039 810 3114 ternpore
824 3033 943 3114 elapso,
957 3033 1113 3112 urguebat
1125 3031 1259 3094 creditor

148 3158 315 3239 pecuniam
338 3164 491 3240 repetens.
538 3157 670 3220 Macedo
694 3176 756 3220 non
779 3157 900 3220 habens
923 3155 1005 3219 unde
1030 3155 1128 3236 daret,
1152 3162 1259 3237 utpote

148 3283 202 3362 qui
218 3281 437 3346 filiusfamilias
455 3287 547 3360 esset,
571 3286 692 3364 patrem
716 3301 804 3344 suum
828 3281 948 3345 occidit.
986 3299 1037 3344 res
1062 3280 1100 3342 ad
1118 3287 1257 3342 senatum

147 3407 250 3470 relata
278 3413 334 3470 est.
392 3412 423 3469 et
450 3406 503 3470 ille
532 3406 656 3487 quidem
683 3405 843 3488 parricidii
870 3425 989 3487 poenas
1019 3404 1089 3486 luit,
1120 3409 1256 3467 senatus-

148 3531 325 3594 consultum
349 3538 452 3594 autem
476 3531 788 3593 Macedonianum
817 3531 933 3592 lactum
957 3534 1018 3608 est,
1038 3515 1109 3608 'quo
1134 3534 1259 3591 cautum
1279 3536 1312 3586 25

148 3662 207 3734 est,
243 3662 285 3718 ut
303 3674 404 3735 nemo⁷
433 3654 486 3734 qui
509 3654 712 3718 filiofamilias
740 3653 922 3728 crediderit,
949 3658 1089 3716 mutuum
1116 3658 1259 3734 repetere

147 3780 261 3862 possit;
286 3786 320 3844 ut
343 3781 388 3843 ita
412 3779 543 3859 quisque
561 3779 662 3842 sciens
679 3798 748 3842 sese
765 3784 904 3841 mutuum
920 3785 1062 3860 repetere
1079 3797 1141 3841 non
1157 3795 1259 3860 posse,
