<?xml version="1.0" encoding="UTF-8"?>
<!DOCTYPE html PUBLIC "-//W3C//DTD XHTML 1.0 Transitional//EN"
    "http://www.w3.org/TR/xhtml1/DTD/xhtml1-transitional.dtd">
<html xmlns="http://www.w3.org/1999/xhtml" xml:lang="en" lang="en">
 <head>
  <title>
</title>
<meta http-equiv="Content-Type" content="text/html;charset=utf-8" />
  <meta name='ocr-system' content='tesseract 3.04.00' />
  <meta name='ocr-capabilities' content='ocr_page ocr_carea ocr_par ocr_line ocrx_word'/>
</head>
<body>
  <div class='ocr_page' id='page_1' title='image "./institutionumgr01linggoog_0285.png"; bbox 0 0 3298 5322; ppageno 0'>
   <div class='ocr_carea' id='block_1_1' title="bbox 558 423 796 488">
    <p class='ocr_par' dir='ltr' id='par_1_1' title="bbox 558 423 796 488">
     <span class='ocr_line' id='line_1_1' title="bbox 558 423 796 488; baseline -0.008 0"><span class='ocrx_word' id='word_1_1' title='bbox 558 423 796 488; x_wconf 87' lang='lat'><strong>-388-</strong></span> 
     </span>
    </p>
   </div>
   <div class='ocr_carea' id='block_1_2' title="bbox 76 597 1297 3918">
    <p class='ocr_par' dir='ltr' id='par_1_2' title="bbox 76 597 1297 3918">
     <span class='ocr_line' id='line_1_2' title="bbox 131 597 1231 677; baseline -0.003 -14"><span class='ocrx_word' id='word_1_2' title='bbox 131 619 194 664; x_wconf 87' lang='lat' dir='ltr'><strong>esse</strong></span> <span class='ocrx_word' id='word_1_3' title='bbox 217 598 325 663; x_wconf 82' lang='lat' dir='ltr'><strong>sanxit.</strong></span> <span class='ocrx_word' id='word_1_4' title='bbox 358 597 432 662; x_wconf 89' lang='lat' dir='ltr'><strong>licet</strong></span> <span class='ocrx_word' id='word_1_5' title='bbox 455 598 538 662; x_wconf 89' lang='lat' dir='ltr'><strong>enim</strong></span> <span class='ocrx_word' id='word_1_6' title='bbox 561 599 646 663; x_wconf 88' lang='lat' dir='ltr'><strong>serui</strong></span> <span class='ocrx_word' id='word_1_7' title='bbox 668 619 772 663; x_wconf 90' lang='lat' dir='ltr'><strong>mores</strong></span> <span class='ocrx_word' id='word_1_8' title='bbox 796 597 968 662; x_wconf 92' lang='lat' dir='ltr'><strong>deteriores</strong></span> <span class='ocrx_word' id='word_1_9' title='bbox 991 617 1054 662; x_wconf 93' lang='lat' dir='ltr'><strong>non</strong></span> <span class='ocrx_word' id='word_1_10' title='bbox 1069 597 1131 660; x_wconf 89' lang='lat' dir='ltr'><strong>sint</strong></span> <span class='ocrx_word' id='word_1_11' title='bbox 1145 597 1231 677; x_wconf 78' lang='lat' dir='ltr'><strong>facti,</strong></span> 
     </span>
     <span class='ocr_line' id='line_1_3' title="bbox 130 721 1232 805; baseline -0.004 -17"><span class='ocrx_word' id='word_1_12' title='bbox 130 729 158 788; x_wconf 88' lang='lat' dir='ltr'><strong>et</strong></span> <span class='ocrx_word' id='word_1_13' title='bbox 178 722 245 786; x_wconf 91' lang='lat' dir='ltr'><strong>ideo</strong></span> <span class='ocrx_word' id='word_1_14' title='bbox 268 741 330 785; x_wconf 94' lang='lat' dir='ltr'><strong>non</strong></span> <span class='ocrx_word' id='word_1_15' title='bbox 354 727 541 786; x_wconf 75' lang='lat' dir='ltr'><strong>concurrant</strong></span> <span class='ocrx_word' id='word_1_16' title='bbox 555 723 696 805; x_wconf 84' lang='lat' dir='ltr'><strong>regulae,</strong></span> <span class='ocrx_word' id='word_1_17' title='bbox 722 743 803 804; x_wconf 90' lang='lat' dir='ltr'><strong>qnae</strong></span> <span class='ocrx_word' id='word_1_18' title='bbox 821 722 905 786; x_wconf 88' lang='lat' dir='ltr'><strong>serui</strong></span> <span class='ocrx_word' id='word_1_19' title='bbox 921 721 1058 804; x_wconf 78' lang='lat' dir='ltr'><strong>corrupti</strong></span> <span class='ocrx_word' id='word_1_20' title='bbox 1076 721 1232 784; x_wconf 78' lang='lat' dir='ltr'><strong>actionem</strong></span> 
     </span>
     <span class='ocr_line' id='line_1_4' title="bbox 128 846 1231 930; baseline -0.005 -18"><span class='ocrx_word' id='word_1_21' title='bbox 128 847 331 928; x_wconf 87' lang='lat' dir='ltr'><strong>introducant,</strong></span> <span class='ocrx_word' id='word_1_22' title='bbox 362 854 468 911; x_wconf 90' lang='lat' dir='ltr'><strong>tamen</strong></span> <span class='ocrx_word' id='word_1_23' title='bbox 495 847 665 930; x_wconf 88' lang='lat' dir='ltr'><strong>pessimum</strong></span> <span class='ocrx_word' id='word_1_24' title='bbox 689 847 880 930; x_wconf 87' lang='lat' dir='ltr'><strong>corruptoris</strong></span> <span class='ocrx_word' id='word_1_25' title='bbox 904 846 1068 910; x_wconf 87' lang='lat' dir='ltr'><strong>consilium</strong></span> <span class='ocrx_word' id='word_1_26' title='bbox 1094 846 1135 908; x_wconf 88' lang='lat' dir='ltr'><strong>ad</strong></span> <span class='ocrx_word' id='word_1_27' title='bbox 1162 864 1231 928; x_wconf 91' lang='lat' dir='ltr'><strong>per-</strong></span> 
     </span>
     <span class='ocr_line' id='line_1_5' title="bbox 127 970 1227 1057; baseline -0.004 -21"><span class='ocrx_word' id='word_1_28' title='bbox 127 972 232 1036; x_wconf 90' lang='lat' dir='ltr'><strong>niciem</strong></span> <span class='ocrx_word' id='word_1_29' title='bbox 254 973 423 1057; x_wconf 91' lang='lat' dir='ltr'><strong>proborum</strong></span> <span class='ocrx_word' id='word_1_30' title='bbox 447 973 532 1036; x_wconf 89' lang='lat' dir='ltr'><strong>serui</strong></span> <span class='ocrx_word' id='word_1_31' title='bbox 554 992 675 1036; x_wconf 91' lang='lat' dir='ltr'><strong>morum</strong></span> <span class='ocrx_word' id='word_1_32' title='bbox 698 971 811 1054; x_wconf 76' lang='lat' dir='ltr'><strong>tendit,</strong></span> <span class='ocrx_word' id='word_1_33' title='bbox 836 972 944 1052; x_wconf 84' lang='lat' dir='ltr'><strong>itaque</strong></span> <span class='ocrx_word' id='word_1_34' title='bbox 969 970 1009 1034; x_wconf 89' lang='lat' dir='ltr'><strong>ad</strong></span> <span class='ocrx_word' id='word_1_35' title='bbox 1030 971 1147 1034; x_wconf 89' lang='lat' dir='ltr'><strong>Titium</strong></span> <span class='ocrx_word' id='word_1_36' title='bbox 1171 990 1227 1052; x_wconf 93' lang='lat' dir='ltr'><strong>pu-</strong></span> 
     </span>
     <span class='ocr_line' id='line_1_6' title="bbox 126 1095 1292 1179; baseline -0.001 -19"><span class='ocrx_word' id='word_1_37' title='bbox 126 1096 266 1160; x_wconf 88' lang='lat' dir='ltr'><strong>niendum</strong></span> <span class='ocrx_word' id='word_1_38' title='bbox 290 1096 375 1160; x_wconf 86' lang='lat' dir='ltr'><strong>serui</strong></span> <span class='ocrx_word' id='word_1_39' title='bbox 398 1096 536 1178; x_wconf 86' lang='lat' dir='ltr'><strong>corrupti</strong></span> <span class='ocrx_word' id='word_1_40' title='bbox 559 1096 714 1162; x_wconf 84' lang='lat' dir='ltr'><strong>actionem</strong></span> <span class='ocrx_word' id='word_1_41' title='bbox 737 1096 807 1160; x_wconf 88' lang='lat' dir='ltr'><strong>dari</strong></span> <span class='ocrx_word' id='word_1_42' title='bbox 826 1095 998 1179; x_wconf 87' lang='lat' dir='ltr'><strong>praecepit,</strong></span> <span class='ocrx_word' id='word_1_43' title='bbox 1023 1101 1174 1175; x_wconf 85' lang='lat' dir='ltr'><strong>tanquam</strong></span> <span class='ocrx_word' id='word_1_44' title='bbox 1197 1114 1232 1158; x_wconf 91' lang='lat' dir='ltr'><strong>re</strong></span> <span class='ocrx_word' id='word_1_45' title='bbox 1270 1109 1292 1159; x_wconf 72' lang='lat' dir='ltr'><strong>o</strong></span> 
     </span>
     <span class='ocr_line' id='line_1_7' title="bbox 126 1218 1232 1304; baseline -0.002 -22"><span class='ocrx_word' id='word_1_46' title='bbox 126 1220 191 1303; x_wconf 87' lang='lat' dir='ltr'><strong>ipsa</strong></span> <span class='ocrx_word' id='word_1_47' title='bbox 213 1241 339 1284; x_wconf 89' lang='lat' dir='ltr'><strong>seruum</strong></span> <span class='ocrx_word' id='word_1_48' title='bbox 363 1220 566 1303; x_wconf 72' lang='lat' dir='ltr'><strong>corrupisset,</strong></span> <span class='ocrx_word' id='word_1_49' title='bbox 594 1240 633 1284; x_wconf 88' lang='lat' dir='ltr'><strong>ne</strong></span> <span class='ocrx_word' id='word_1_50' title='bbox 662 1220 797 1304; x_wconf 89' lang='lat' dir='ltr'><strong>impunis</strong></span> <span class='ocrx_word' id='word_1_51' title='bbox 820 1239 950 1284; x_wconf 86' lang='lat' dir='ltr'><strong>manens</strong></span> <span class='ocrx_word' id='word_1_52' title='bbox 974 1218 1077 1282; x_wconf 83' lang='lat' dir='ltr'><strong>Titius</strong></span> <span class='ocrx_word' id='word_1_53' title='bbox 1106 1238 1232 1282; x_wconf 88' lang='lat' dir='ltr'><strong>seruum</strong></span> 
     </span>
     <span class='ocr_line' id='line_1_8' title="bbox 127 1327 1232 1427; baseline -0.001 -20"><span class='ocrx_word' id='word_1_54' title='bbox 127 1345 216 1408; x_wconf 87' lang='lat' dir='ltr'><strong>alium</strong></span> <span class='ocrx_word' id='word_1_55' title='bbox 256 1343 471 1426; x_wconf 73' lang='lat' dir='ltr'><strong>adgrediatur,</strong></span> <span class='ocrx_word' id='word_1_56' title='bbox 514 1363 606 1424; x_wconf 90' lang='lat' dir='ltr'><strong>quem</strong></span> <span class='ocrx_word' id='word_1_57' title='bbox 644 1327 725 1408; x_wconf 81' lang='lat' dir='ltr'><strong>forte</strong></span> <span class='ocrx_word' id='word_1_58' title='bbox 765 1345 866 1427; x_wconf 89' lang='lat' dir='ltr'><strong>possit</strong></span> <span class='ocrx_word' id='word_1_59' title='bbox 903 1364 923 1407; x_wconf 85' lang='lat' dir='ltr'><strong>a</strong></span> <span class='ocrx_word' id='word_1_60' title='bbox 962 1344 1053 1407; x_wconf 92' lang='lat' dir='ltr'><strong>bouis</strong></span> <span class='ocrx_word' id='word_1_61' title='bbox 1094 1343 1232 1406; x_wconf 90' lang='lat' dir='ltr'><strong>moribus</strong></span> 
     </span>
     <span class='ocr_line' id='line_1_9' title="bbox 96 1467 1232 1535; baseline -0.004 0"><span class='ocrx_word' id='word_1_62' title='bbox 96 1475 274 1535; x_wconf 73' lang='lat' dir='ltr'><strong>cauertere.</strong></span> <span class='ocrx_word' id='word_1_63' title='bbox 336 1471 364 1534; x_wconf 89' lang='grc'><strong>9.</strong></span> <span class='ocrx_word' id='word_1_64' title='bbox 387 1468 547 1532; x_wconf 89' lang='lat' dir='ltr'><strong>Interdum</strong></span> <span class='ocrx_word' id='word_1_65' title='bbox 587 1469 681 1533; x_wconf 91' lang='lat' dir='ltr'><strong>etiam</strong></span> <span class='ocrx_word' id='word_1_66' title='bbox 715 1469 885 1533; x_wconf 87' lang='lat' dir='ltr'><strong>liberorum</strong></span> <span class='ocrx_word' id='word_1_67' title='bbox 924 1468 1083 1532; x_wconf 90' lang='lat' dir='ltr'><strong>hominum</strong></span> <span class='ocrx_word' id='word_1_68' title='bbox 1115 1467 1232 1530; x_wconf 86' lang='lat' dir='ltr'><strong>furtum</strong></span> 
     </span>
     <span class='ocr_line' id='line_1_10' title="bbox 126 1593 1231 1675; baseline -0.003 -19"><span class='ocrx_word' id='word_1_69' title='bbox 126 1593 330 1656; x_wconf 89' lang='lat' dir='ltr'><strong>committitur.</strong></span> <span class='ocrx_word' id='word_1_70' title='bbox 376 1613 449 1656; x_wconf 89' lang='lat' dir='ltr'><strong>nam</strong></span> <span class='ocrx_word' id='word_1_71' title='bbox 473 1593 500 1656; x_wconf 91' lang='lat' dir='ltr'><strong>si</strong></span> <span class='ocrx_word' id='word_1_72' title='bbox 523 1593 593 1674; x_wconf 90' lang='lat' dir='ltr'><strong>quis</strong></span> <span class='ocrx_word' id='word_1_73' title='bbox 616 1593 743 1673; x_wconf 89' lang='lat' dir='ltr'><strong>liberos,</strong></span> <span class='ocrx_word' id='word_1_74' title='bbox 769 1594 871 1675; x_wconf 90' lang='lat' dir='ltr'><strong>quiin</strong></span> <span class='ocrx_word' id='word_1_75' title='bbox 886 1613 957 1657; x_wconf 83' lang='lat' dir='ltr'><strong>mea</strong></span> <span class='ocrx_word' id='word_1_76' title='bbox 978 1598 1050 1656; x_wconf 88' lang='lat' dir='ltr'><strong>suut</strong></span> <span class='ocrx_word' id='word_1_77' title='bbox 1065 1596 1231 1674; x_wconf 84' lang='lat' dir='ltr'><strong>potestate,</strong></span> 
     </span>
     <span class='ocr_line' id='line_1_11' title="bbox 123 1714 1292 1801; baseline -0.001 -21"><span class='ocrx_word' id='word_1_78' title='bbox 123 1716 216 1780; x_wconf 90' lang='lat' dir='ltr'><strong>filiurn</strong></span> <span class='ocrx_word' id='word_1_79' title='bbox 238 1716 387 1798; x_wconf 89' lang='lat' dir='ltr'><strong>filiamue,</strong></span> <span class='ocrx_word' id='word_1_80' title='bbox 411 1723 556 1801; x_wconf 85' lang='lat' dir='ltr'><strong>nepotem</strong></span> <span class='ocrx_word' id='word_1_81' title='bbox 579 1723 745 1801; x_wconf 90' lang='lat' dir='ltr'><strong>neptemue</strong></span> <span class='ocrx_word' id='word_1_82' title='bbox 770 1717 937 1800; x_wconf 75' lang='lat' dir='ltr'><strong>subripiat,</strong></span> <span class='ocrx_word' id='word_1_83' title='bbox 962 1717 1038 1780; x_wconf 88' lang='lat' dir='ltr'><strong>furti</strong></span> <span class='ocrx_word' id='word_1_84' title='bbox 1061 1715 1183 1779; x_wconf 91' lang='lat' dir='ltr'><strong>actione</strong></span> <span class='ocrx_word' id='word_1_85' title='bbox 1199 1714 1232 1777; x_wconf 93' lang='lat' dir='ltr'><strong>id</strong></span> <span class='ocrx_word' id='word_1_86' title='bbox 1254 1728 1292 1779; x_wconf 51' lang='lat'><strong>10¹</strong></span> 
     </span>
     <span class='ocr_line' id='line_1_12' title="bbox 125 1838 1233 1925; baseline -0.004 -20"><span class='ocrx_word' id='word_1_87' title='bbox 125 1842 204 1922; x_wconf 91' lang='lat' dir='ltr'><strong>quod</strong></span> <span class='ocrx_word' id='word_1_88' title='bbox 226 1843 359 1906; x_wconf 89' lang='lat' dir='ltr'><strong>interest</strong></span> <span class='ocrx_word' id='word_1_89' title='bbox 380 1861 561 1925; x_wconf 88' lang='lat' dir='ltr'><strong>persequar.</strong></span> <span class='ocrx_word' id='word_1_90' title='bbox 608 1850 639 1906; x_wconf 90' lang='lat' dir='ltr'><strong>ct</strong></span> <span class='ocrx_word' id='word_1_91' title='bbox 666 1843 741 1923; x_wconf 89' lang='lat' dir='ltr'><strong>quid</strong></span> <span class='ocrx_word' id='word_1_92' title='bbox 764 1843 797 1906; x_wconf 93' lang='lat' dir='ltr'><strong>in</strong></span> <span class='ocrx_word' id='word_1_93' title='bbox 825 1841 978 1906; x_wconf 86' lang='lat' dir='ltr'><strong>eiusmodi</strong></span> <span class='ocrx_word' id='word_1_94' title='bbox 1006 1861 1084 1905; x_wconf 87' lang='lat' dir='ltr'><strong>casu</strong></span> <span class='ocrx_word' id='word_1_95' title='bbox 1110 1838 1233 1903; x_wconf 90' lang='lat' dir='ltr'><strong>intersit</strong></span> 
     </span>
     <span class='ocr_line' id='line_1_13' title="bbox 125 1965 1232 2049; baseline -0.004 -19"><span class='ocrx_word' id='word_1_96' title='bbox 125 1965 341 2049; x_wconf 89' lang='lat' dir='ltr'><strong>exponendum</strong></span> <span class='ocrx_word' id='word_1_97' title='bbox 376 1973 431 2030; x_wconf 88' lang='lat' dir='ltr'><strong>est.</strong></span> <span class='ocrx_word' id='word_1_98' title='bbox 488 1966 569 2048; x_wconf 84' lang='lat' dir='ltr'><strong>finge</strong></span> <span class='ocrx_word' id='word_1_99' title='bbox 605 1967 761 2047; x_wconf 86' lang='lat' dir='ltr'><strong>quendam</strong></span> <span class='ocrx_word' id='word_1_100' title='bbox 793 1967 977 2030; x_wconf 89' lang='lat' dir='ltr'><strong>moriturum</strong></span> <span class='ocrx_word' id='word_1_101' title='bbox 1004 1965 1102 2028; x_wconf 88' lang='lat' dir='ltr'><strong>filium</strong></span> <span class='ocrx_word' id='word_1_102' title='bbox 1130 1983 1232 2027; x_wconf 89' lang='lat' dir='ltr'><strong>meum</strong></span> 
     </span>
     <span class='ocr_line' id='line_1_14' title="bbox 124 2089 1233 2172; baseline -0.003 -18"><span class='ocrx_word' id='word_1_103' title='bbox 124 2091 269 2156; x_wconf 89' lang='lat' dir='ltr'><strong>heredem</strong></span> <span class='ocrx_word' id='word_1_104' title='bbox 281 2091 452 2156; x_wconf 89' lang='lat' dir='ltr'><strong>instituisse</strong></span> <span class='ocrx_word' id='word_1_105' title='bbox 469 2092 603 2154; x_wconf 87' lang='lat' dir='ltr'><strong>subhac</strong></span> <span class='ocrx_word' id='word_1_106' title='bbox 620 2091 813 2172; x_wconf 88' lang='lat' dir='ltr'><strong>condicione,</strong></span> <span class='ocrx_word' id='word_1_107' title='bbox 831 2096 866 2154; x_wconf 93' lang='lat' dir='ltr'><strong>ut</strong></span> <span class='ocrx_word' id='word_1_108' title='bbox 880 2091 912 2154; x_wconf 93' lang='lat' dir='ltr'><strong>in</strong></span> <span class='ocrx_word' id='word_1_109' title='bbox 928 2091 987 2154; x_wconf 88' lang='lat' dir='ltr'><strong>hac</strong></span> <span class='ocrx_word' id='word_1_110' title='bbox 1004 2091 1082 2153; x_wconf 88' lang='lat' dir='ltr'><strong>urbe</strong></span> <span class='ocrx_word' id='word_1_111' title='bbox 1095 2089 1233 2171; x_wconf 85' lang='lat' dir='ltr'><strong>degeret.</strong></span> 
     </span>
     <span class='ocr_line' id='line_1_15' title="bbox 125 2215 1234 2298; baseline -0.002 -20"><span class='ocrx_word' id='word_1_112' title='bbox 125 2234 192 2279; x_wconf 90' lang='lat' dir='ltr'><strong>eum</strong></span> <span class='ocrx_word' id='word_1_113' title='bbox 215 2216 402 2298; x_wconf 87' lang='lat' dir='ltr'><strong>subripuisti</strong></span> <span class='ocrx_word' id='word_1_114' title='bbox 424 2221 456 2280; x_wconf 90' lang='lat' dir='ltr'><strong>et</strong></span> <span class='ocrx_word' id='word_1_115' title='bbox 479 2216 511 2279; x_wconf 93' lang='lat' dir='ltr'><strong>in</strong></span> <span class='ocrx_word' id='word_1_116' title='bbox 534 2215 630 2279; x_wconf 89' lang='lat' dir='ltr'><strong>aliam</strong></span> <span class='ocrx_word' id='word_1_117' title='bbox 646 2216 755 2279; x_wconf 88' lang='lat' dir='ltr'><strong>urbem</strong></span> <span class='ocrx_word' id='word_1_118' title='bbox 771 2215 898 2297; x_wconf 88' lang='lat' dir='ltr'><strong>duxisti,</strong></span> <span class='ocrx_word' id='word_1_119' title='bbox 922 2216 967 2279; x_wconf 88' lang='lat' dir='ltr'><strong>ita</strong></span> <span class='ocrx_word' id='word_1_120' title='bbox 983 2219 1017 2277; x_wconf 92' lang='lat' dir='ltr'><strong>ut</strong></span> <span class='ocrx_word' id='word_1_121' title='bbox 1031 2215 1139 2278; x_wconf 91' lang='lat' dir='ltr'><strong>mortis</strong></span> <span class='ocrx_word' id='word_1_122' title='bbox 1159 2219 1234 2277; x_wconf 88' lang='lat' dir='ltr'><strong>tem·</strong></span> 
     </span>
     <span class='ocr_line' id='line_1_16' title="bbox 123 2338 1295 2422; baseline -0.003 -18"><span class='ocrx_word' id='word_1_123' title='bbox 123 2360 196 2422; x_wconf 88' lang='lat' dir='ltr'><strong>porc</strong></span> <span class='ocrx_word' id='word_1_124' title='bbox 220 2341 383 2405; x_wconf 84' lang='lat' dir='ltr'><strong>testatoris</strong></span> <span class='ocrx_word' id='word_1_125' title='bbox 405 2341 439 2404; x_wconf 94' lang='lat' dir='ltr'><strong>in</strong></span> <span class='ocrx_word' id='word_1_126' title='bbox 460 2341 521 2404; x_wconf 90' lang='lat' dir='ltr'><strong>hac</strong></span> <span class='ocrx_word' id='word_1_127' title='bbox 544 2342 621 2405; x_wconf 88' lang='lat' dir='ltr'><strong>urbe</strong></span> <span class='ocrx_word' id='word_1_128' title='bbox 645 2361 707 2405; x_wconf 93' lang='lat' dir='ltr'><strong>non</strong></span> <span class='ocrx_word' id='word_1_129' title='bbox 722 2341 923 2405; x_wconf 87' lang='lat' dir='ltr'><strong>inueniretur.</strong></span> <span class='ocrx_word' id='word_1_130' title='bbox 962 2339 1077 2404; x_wconf 90' lang='lat' dir='ltr'><strong>defecit</strong></span> <span class='ocrx_word' id='word_1_131' title='bbox 1092 2338 1233 2403; x_wconf 92' lang='lat' dir='ltr'><strong>condicio</strong></span> <span class='ocrx_word' id='word_1_132' title='bbox 1255 2347 1295 2400; x_wconf 64' lang='lat' dir='ltr'><strong>lov</strong></span> 
     </span>
     <span class='ocr_line' id='line_1_17' title="bbox 124 2463 1234 2546; baseline -0.003 -18"><span class='ocrx_word' id='word_1_133' title='bbox 124 2471 152 2529; x_wconf 89' lang='lat' dir='ltr'><strong>ct</strong></span> <span class='ocrx_word' id='word_1_134' title='bbox 174 2464 359 2530; x_wconf 86' lang='lat' dir='ltr'><strong>hereditatis</strong></span> <span class='ocrx_word' id='word_1_135' title='bbox 383 2465 431 2528; x_wconf 92' lang='lat' dir='ltr'><strong>ius</strong></span> <span class='ocrx_word' id='word_1_136' title='bbox 455 2465 560 2529; x_wconf 89' lang='lat' dir='ltr'><strong>amisit</strong></span> <span class='ocrx_word' id='word_1_137' title='bbox 582 2464 673 2530; x_wconf 90' lang='lat' dir='ltr'><strong>filius.</strong></span> <span class='ocrx_word' id='word_1_138' title='bbox 708 2466 832 2529; x_wconf 88' lang='lat' dir='ltr'><strong>actione</strong></span> <span class='ocrx_word' id='word_1_139' title='bbox 855 2465 951 2546; x_wconf 83' lang='lat' dir='ltr'><strong>igitur</strong></span> <span class='ocrx_word' id='word_1_140' title='bbox 966 2463 1042 2527; x_wconf 89' lang='lat' dir='ltr'><strong>furti</strong></span> <span class='ocrx_word' id='word_1_141' title='bbox 1058 2482 1234 2544; x_wconf 85' lang='lat' dir='ltr'><strong>consequar</strong></span> 
     </span>
     <span class='ocr_line' id='line_1_18' title="bbox 124 2587 1233 2673; baseline -0.003 -21"><span class='ocrx_word' id='word_1_142' title='bbox 124 2595 204 2671; x_wconf 89' lang='lat' dir='ltr'><strong>ate,</strong></span> <span class='ocrx_word' id='word_1_143' title='bbox 228 2589 339 2670; x_wconf 91' lang='lat' dir='ltr'><strong>quanti</strong></span> <span class='ocrx_word' id='word_1_144' title='bbox 361 2589 515 2654; x_wconf 85' lang='lat' dir='ltr'><strong>iacturam</strong></span> <span class='ocrx_word' id='word_1_145' title='bbox 538 2609 651 2672; x_wconf 88' lang='lat' dir='ltr'><strong>passus</strong></span> <span class='ocrx_word' id='word_1_146' title='bbox 676 2610 752 2654; x_wconf 88' lang='lat' dir='ltr'><strong>sum.</strong></span> <span class='ocrx_word' id='word_1_147' title='bbox 798 2610 893 2673; x_wconf 91' lang='lat' dir='ltr'><strong>porro</strong></span> <span class='ocrx_word' id='word_1_148' title='bbox 918 2587 1102 2652; x_wconf 90' lang='lat' dir='ltr'><strong>hereditatis</strong></span> <span class='ocrx_word' id='word_1_149' title='bbox 1130 2607 1233 2650; x_wconf 91' lang='lat' dir='ltr'><strong>usum-</strong></span> 
     </span>
     <span class='ocr_line' id='line_1_19' title="bbox 122 2711 1235 2795; baseline -0.002 -19"><span class='ocrx_word' id='word_1_150' title='bbox 122 2713 256 2778; x_wconf 82' lang='lat' dir='ltr'><strong>fructum</strong></span> <span class='ocrx_word' id='word_1_151' title='bbox 280 2713 380 2794; x_wconf 88' lang='lat' dir='ltr'><strong>amisi,</strong></span> <span class='ocrx_word' id='word_1_152' title='bbox 406 2714 460 2794; x_wconf 92' lang='lat' dir='ltr'><strong>qui</strong></span> <span class='ocrx_word' id='word_1_153' title='bbox 482 2714 558 2777; x_wconf 90' lang='lat' dir='ltr'><strong>mihi</strong></span> <span class='ocrx_word' id='word_1_154' title='bbox 581 2714 793 2794; x_wconf 89' lang='lat' dir='ltr'><strong>adquirendus</strong></span> <span class='ocrx_word' id='word_1_155' title='bbox 818 2719 899 2795; x_wconf 80' lang='lat' dir='ltr'><strong>erat3</strong></span> <span class='ocrx_word' id='word_1_156' title='bbox 929 2713 996 2776; x_wconf 91' lang='lat' dir='ltr'><strong>eius</strong></span> <span class='ocrx_word' id='word_1_157' title='bbox 1024 2711 1119 2795; x_wconf 85' lang='lat' dir='ltr'><strong>igitur</strong></span> <span class='ocrx_word' id='word_1_158' title='bbox 1142 2711 1235 2776; x_wconf 90' lang='lat' dir='ltr'><strong>aesti-</strong></span> 
     </span>
     <span class='ocr_line' id='line_1_20' title="bbox 78 2834 1235 2923; baseline -0.009 -16"><span class='ocrx_word' id='word_1_159' title='bbox 78 2839 291 2907; x_wconf 78' lang='lat' dir='ltr'><strong>renationem</strong></span> <span class='ocrx_word' id='word_1_160' title='bbox 320 2858 501 2923; x_wconf 87' lang='lat' dir='ltr'><strong>persequar.</strong></span> <span class='ocrx_word' id='word_1_161' title='bbox 551 2841 599 2904; x_wconf 91' lang='lat'><strong>10.</strong></span> <span class='ocrx_word' id='word_1_162' title='bbox 625 2837 760 2921; x_wconf 87' lang='lat' dir='ltr'><strong>Saepius</strong></span> <span class='ocrx_word' id='word_1_163' title='bbox 788 2858 865 2901; x_wconf 90' lang='lat' dir='ltr'><strong>suae</strong></span> <span class='ocrx_word' id='word_1_164' title='bbox 894 2855 1018 2917; x_wconf 89' lang='lat' dir='ltr'><strong>quoque</strong></span> <span class='ocrx_word' id='word_1_165' title='bbox 1045 2837 1093 2899; x_wconf 90' lang='lat' dir='ltr'><strong>rei</strong></span> <span class='ocrx_word' id='word_1_166' title='bbox 1120 2834 1235 2915; x_wconf 85' lang='lat' dir='ltr'><strong>aliquis</strong></span> 
     </span>
     <span class='ocr_line' id='line_1_21' title="bbox 121 2959 1294 3043; baseline -0.003 -17"><span class='ocrx_word' id='word_1_167' title='bbox 121 2963 238 3026; x_wconf 90' lang='lat' dir='ltr'><strong>furtum</strong></span> <span class='ocrx_word' id='word_1_168' title='bbox 262 2962 434 3043; x_wconf 89' lang='lat' dir='ltr'><strong>committit,</strong></span> <span class='ocrx_word' id='word_1_169' title='bbox 457 2963 556 3026; x_wconf 87' lang='lat' dir='ltr'><strong>ueluti</strong></span> <span class='ocrx_word' id='word_1_170' title='bbox 579 2963 606 3026; x_wconf 92' lang='lat' dir='ltr'><strong>si</strong></span> <span class='ocrx_word' id='word_1_171' title='bbox 630 2963 753 3027; x_wconf 91' lang='lat' dir='ltr'><strong>debitor</strong></span> <span class='ocrx_word' id='word_1_172' title='bbox 775 2983 855 3043; x_wconf 93' lang='lat' dir='ltr'><strong>rem,</strong></span> <span class='ocrx_word' id='word_1_173' title='bbox 881 2981 974 3042; x_wconf 88' lang='lat' dir='ltr'><strong>quam</strong></span> <span class='ocrx_word' id='word_1_174' title='bbox 998 2961 1145 3025; x_wconf 88' lang='lat' dir='ltr'><strong>creditori</strong></span> <span class='ocrx_word' id='word_1_175' title='bbox 1167 2959 1235 3041; x_wconf 83' lang='lat' dir='ltr'><strong>pig·</strong></span> <span class='ocrx_word' id='word_1_176' title='bbox 1254 2972 1294 3023; x_wconf 82' lang='lat'><strong>20</strong></span> 
     </span>
     <span class='ocr_line' id='line_1_22' title="bbox 121 3084 1233 3168; baseline -0.004 -18"><span class='ocrx_word' id='word_1_177' title='bbox 121 3086 204 3150; x_wconf 90' lang='lat' dir='ltr'><strong>ueris</strong></span> <span class='ocrx_word' id='word_1_178' title='bbox 231 3105 328 3150; x_wconf 83' lang='lat' dir='ltr'><strong>causa</strong></span> <span class='ocrx_word' id='word_1_179' title='bbox 352 3086 447 3168; x_wconf 92' lang='lat' dir='ltr'><strong>dedit,</strong></span> <span class='ocrx_word' id='word_1_180' title='bbox 473 3087 553 3151; x_wconf 90' lang='lat' dir='ltr'><strong>clam</strong></span> <span class='ocrx_word' id='word_1_181' title='bbox 578 3087 776 3152; x_wconf 87' lang='lat' dir='ltr'><strong>subtraxerit.</strong></span> <span class='ocrx_word' id='word_1_182' title='bbox 817 3087 916 3150; x_wconf 92' lang='lat' dir='ltr'><strong>laedit</strong></span> <span class='ocrx_word' id='word_1_183' title='bbox 938 3086 1020 3150; x_wconf 87' lang='lat' dir='ltr'><strong>enim</strong></span> <span class='ocrx_word' id='word_1_184' title='bbox 1037 3084 1233 3164; x_wconf 86' lang='lat' dir='ltr'><strong>creditorem,</strong></span> 
     </span>
     <span class='ocr_line' id='line_1_23' title="bbox 122 3211 1235 3294; baseline -0.003 -20"><span class='ocrx_word' id='word_1_185' title='bbox 122 3230 191 3274; x_wconf 93' lang='lat' dir='ltr'><strong>cum</strong></span> <span class='ocrx_word' id='word_1_186' title='bbox 225 3211 255 3274; x_wconf 89' lang='lat' dir='ltr'><strong>ei</strong></span> <span class='ocrx_word' id='word_1_187' title='bbox 281 3211 477 3276; x_wconf 91' lang='lat' dir='ltr'><strong>commodum</strong></span> <span class='ocrx_word' id='word_1_188' title='bbox 515 3213 654 3293; x_wconf 89' lang='lat' dir='ltr'><strong>auferat,</strong></span> <span class='ocrx_word' id='word_1_189' title='bbox 694 3212 778 3293; x_wconf 90' lang='lat' dir='ltr'><strong>quod</strong></span> <span class='ocrx_word' id='word_1_190' title='bbox 812 3211 844 3275; x_wconf 92' lang='lat' dir='ltr'><strong>in</strong></span> <span class='ocrx_word' id='word_1_191' title='bbox 872 3211 1011 3294; x_wconf 84' lang='lat' dir='ltr'><strong>pigneris</strong></span> <span class='ocrx_word' id='word_1_192' title='bbox 1049 3230 1148 3276; x_wconf 88' lang='lat' dir='ltr'><strong>causa</strong></span> <span class='ocrx_word' id='word_1_193' title='bbox 1180 3214 1235 3272; x_wconf 90' lang='lat' dir='ltr'><strong>est.</strong></span> 
     </span>
     <span class='ocr_line' id='line_1_24' title="bbox 76 3334 1236 3418; baseline -0.004 -17"><span class='ocrx_word' id='word_1_194' title='bbox 76 3351 112 3402; x_wconf 90' lang='lat'><strong>11.</strong></span> <span class='ocrx_word' id='word_1_195' title='bbox 125 3338 172 3400; x_wconf 92' lang='grc'><strong>11.</strong></span> <span class='ocrx_word' id='word_1_196' title='bbox 195 3335 357 3399; x_wconf 87' lang='lat' dir='ltr'><strong>Interdum</strong></span> <span class='ocrx_word' id='word_1_197' title='bbox 380 3336 454 3400; x_wconf 89' lang='lat' dir='ltr'><strong>furti</strong></span> <span class='ocrx_word' id='word_1_198' title='bbox 480 3341 604 3400; x_wconf 87' lang='lat' dir='ltr'><strong>tenetur</strong></span> <span class='ocrx_word' id='word_1_199' title='bbox 625 3336 680 3418; x_wconf 81' lang='lat' dir='ltr'><strong>&#39;qui</strong></span> <span class='ocrx_word' id='word_1_200' title='bbox 707 3335 823 3400; x_wconf 85' lang='lat' dir='ltr'><strong>furtum</strong></span> <span class='ocrx_word' id='word_1_201' title='bbox 850 3355 913 3400; x_wconf 93' lang='lat' dir='ltr'><strong>non</strong></span> <span class='ocrx_word' id='word_1_202' title='bbox 940 3335 1023 3400; x_wconf 86' lang='lat' dir='ltr'><strong>fecit.</strong></span> <span class='ocrx_word' id='word_1_203' title='bbox 1069 3334 1102 3398; x_wconf 90' lang='lat' dir='ltr'><strong>id</strong></span> <span class='ocrx_word' id='word_1_204' title='bbox 1131 3339 1236 3398; x_wconf 86' lang='lat' dir='ltr'><strong>autem</strong></span> 
     </span>
     <span class='ocr_line' id='line_1_25' title="bbox 121 3457 1235 3552; baseline -0.002 -29"><span class='ocrx_word' id='word_1_205' title='bbox 121 3457 153 3522; x_wconf 93' lang='lat' dir='ltr'><strong>in</strong></span> <span class='ocrx_word' id='word_1_206' title='bbox 176 3479 217 3524; x_wconf 94' lang='lat' dir='ltr'><strong>eo</strong></span> <span class='ocrx_word' id='word_1_207' title='bbox 242 3459 400 3542; x_wconf 84' lang='lat' dir='ltr'><strong>contingit,</strong></span> <span class='ocrx_word' id='word_1_208' title='bbox 431 3461 519 3524; x_wconf 89' lang='lat' dir='ltr'><strong>cuius</strong></span> <span class='ocrx_word' id='word_1_209' title='bbox 547 3479 607 3543; x_wconf 86' lang='lat' dir='ltr'><strong>ope</strong></span> <span class='ocrx_word' id='word_1_210' title='bbox 640 3461 771 3525; x_wconf 90' lang='lat' dir='ltr'><strong>consilio</strong></span> <span class='ocrx_word' id='word_1_211' title='bbox 801 3461 918 3524; x_wconf 82' lang='lat' dir='ltr'><strong>furtum</strong></span> <span class='ocrx_word' id='word_1_212' title='bbox 948 3460 1066 3524; x_wconf 86' lang='lat' dir='ltr'><strong>facturn</strong></span> <span class='ocrx_word' id='word_1_213' title='bbox 1096 3464 1152 3552; x_wconf 90' lang='lat' dir='ltr'><strong>cst.</strong></span> <span class='ocrx_word' id='word_1_214' title='bbox 1203 3457 1235 3521; x_wconf 94' lang='lat' dir='ltr'><strong>in</strong></span> 
     </span>
     <span class='ocr_line' id='line_1_26' title="bbox 121 3585 1297 3667; baseline -0.001 -21"><span class='ocrx_word' id='word_1_215' title='bbox 121 3602 184 3664; x_wconf 89' lang='lat' dir='ltr'><strong>quo</strong></span> <span class='ocrx_word' id='word_1_216' title='bbox 208 3603 339 3649; x_wconf 90' lang='lat' dir='ltr'><strong>numero</strong></span> <span class='ocrx_word' id='word_1_217' title='bbox 363 3585 475 3666; x_wconf 88' lang='lat' dir='ltr'><strong>estis,</strong></span> <span class='ocrx_word' id='word_1_218' title='bbox 504 3585 559 3666; x_wconf 92' lang='lat' dir='ltr'><strong>qui</strong></span> <span class='ocrx_word' id='word_1_219' title='bbox 586 3605 655 3650; x_wconf 93' lang='lat' dir='ltr'><strong>cum</strong></span> <span class='ocrx_word' id='word_1_220' title='bbox 683 3585 797 3667; x_wconf 90' lang='lat' dir='ltr'><strong>aliquis</strong></span> <span class='ocrx_word' id='word_1_221' title='bbox 825 3605 968 3649; x_wconf 91' lang='lat' dir='ltr'><strong>nummos</strong></span> <span class='ocrx_word' id='word_1_222' title='bbox 995 3585 1028 3648; x_wconf 96' lang='lat' dir='ltr'><strong>in</strong></span> <span class='ocrx_word' id='word_1_223' title='bbox 1055 3605 1150 3647; x_wconf 89' lang='lat' dir='ltr'><strong>manu</strong></span> <span class='ocrx_word' id='word_1_224' title='bbox 1178 3603 1237 3647; x_wconf 86' lang='lat' dir='ltr'><strong>sua</strong></span> <span class='ocrx_word' id='word_1_225' title='bbox 1255 3593 1297 3645; x_wconf 64' lang='lat'><strong>25</strong></span> 
     </span>
     <span class='ocr_line' id='line_1_27' title="bbox 121 3684 1236 3792; baseline 0 -21"><span class='ocrx_word' id='word_1_226' title='bbox 121 3707 269 3790; x_wconf 88' lang='lat' dir='ltr'><strong>haberet,</strong></span> <span class='ocrx_word' id='word_1_227' title='bbox 302 3727 358 3773; x_wconf 91' lang='lat' dir='ltr'><strong>eos</strong></span> <span class='ocrx_word' id='word_1_228' title='bbox 383 3708 521 3774; x_wconf 87' lang='lat' dir='ltr'><strong>excussit</strong></span> <span class='ocrx_word' id='word_1_229' title='bbox 551 3714 587 3772; x_wconf 88' lang='lat' dir='ltr'><strong>ut</strong></span> <span class='ocrx_word' id='word_1_230' title='bbox 608 3684 695 3774; x_wconf 88' lang='lat' dir='ltr'><strong>alius</strong></span> <span class='ocrx_word' id='word_1_231' title='bbox 722 3710 859 3792; x_wconf 91' lang='lat' dir='ltr'><strong>tolleret;</strong></span> <span class='ocrx_word' id='word_1_232' title='bbox 892 3709 945 3773; x_wconf 94' lang='lat' dir='ltr'><strong>uel</strong></span> <span class='ocrx_word' id='word_1_233' title='bbox 973 3708 1155 3792; x_wconf 86' lang='lat' dir='ltr'><strong>conspectui</strong></span> <span class='ocrx_word' id='word_1_234' title='bbox 1182 3714 1236 3771; x_wconf 93' lang='lat' dir='ltr'><strong>tuo</strong></span> 
     </span>
     <span class='ocr_line' id='line_1_28' title="bbox 123 3833 1237 3918; baseline -0.001 -21"><span class='ocrx_word' id='word_1_235' title='bbox 123 3833 258 3916; x_wconf 86' lang='lat' dir='ltr'><strong>obstitit,</strong></span> <span class='ocrx_word' id='word_1_236' title='bbox 280 3838 315 3897; x_wconf 93' lang='lat' dir='ltr'><strong>ut</strong></span> <span class='ocrx_word' id='word_1_237' title='bbox 337 3833 418 3898; x_wconf 88' lang='lat' dir='ltr'><strong>alius</strong></span> <span class='ocrx_word' id='word_1_238' title='bbox 440 3853 507 3898; x_wconf 91' lang='lat' dir='ltr'><strong>rem</strong></span> <span class='ocrx_word' id='word_1_239' title='bbox 534 3839 621 3898; x_wconf 86' lang='lat' dir='ltr'><strong>tuam</strong></span> <span class='ocrx_word' id='word_1_240' title='bbox 649 3834 839 3918; x_wconf 80' lang='lat' dir='ltr'><strong>subriperet3</strong></span> <span class='ocrx_word' id='word_1_241' title='bbox 869 3841 923 3899; x_wconf 87' lang='lat' dir='ltr'><strong>aut</strong></span> <span class='ocrx_word' id='word_1_242' title='bbox 951 3854 1027 3899; x_wconf 91' lang='lat' dir='ltr'><strong>oues</strong></span> <span class='ocrx_word' id='word_1_243' title='bbox 1056 3841 1111 3899; x_wconf 85' lang='lat' dir='ltr'><strong>aut</strong></span> <span class='ocrx_word' id='word_1_244' title='bbox 1137 3835 1237 3898; x_wconf 89' lang='lat' dir='ltr'><strong>boues</strong></span> 
     </span>
    </p>
   </div>
   <div class='ocr_carea' id='block_1_3' title="bbox 0 0 1654 5322">
    <p class='ocr_par' dir='ltr' id='par_1_3' title="bbox 0 0 1654 5322">
     <span class='ocr_line' id='line_1_29' title="bbox 0 0 1654 5322; baseline 0 8"><span class='ocrx_word' id='word_1_245' title='bbox 0 0 1654 5322; x_wconf 95' lang='lat' dir='ltr'><strong> </strong></span> 
     </span>
    </p>
   </div>
  </div>
 </body>
</html>
