3328 5318
591 399 831 462 —463-

154 572 389 638 constitutiones
412 579 477 636 tam
500 573 532 636 in
555 593 630 655 rem,
654 592 747 654 quarn
770 572 804 636 in
826 591 993 655 personas,
1018 571 1158 636 actiones
1182 576 1280 635 certo¹

152 703 292 780 tempore
320 697 547 762 concluserunt.
594 717 675 778 quae
703 715 778 760 uero
804 717 824 760 a
851 701 997 780 praetore
1024 695 1168 780 proditae
1196 702 1269 760 sunt

152 821 336 904 plerumque
360 823 491 886 annales
515 829 596 902 suut,
619 841 693 885 nam
709 828 740 886 et
755 821 854 904 ipsius
870 819 1026 905 praetoris
1042 820 1178 884 edictum
1194 820 1268 883 olim

153 945 236 1010 intra
252 966 367 1010 annum
379 947 516 1010 ualebat.
540 947 619 1010 Sunt
630 951 735 1010 tamen
748 946 903 1044 quaedam
920 945 1098 1028 praetoriae
1116 944 1267 1024 actiones,

156 1090 237 1150 quae
271 1071 304 1134 in
337 1077 523 1154 perpetuum
557 1071 781 1151 extenduntur,
816 1070 899 1134 idest
933 1089 1032 1150 usque
1070 1069 1112 1132 ed
1146 1074 1269 1150 tempus
1308 1085 1330 1135 s¹

156 1195 427 1259 constitutionibus
464 1195 681 1260 introductum.
738 1195 819 1260 tales
866 1200 938 1259 sunt
987 1194 1140 1275 actiones,
1190 1213 1269 1274 quas

155 1321 308 1384 bonorum
332 1321 508 1402 possessori
531 1321 706 1401 ceterisque
730 1321 783 1401 qui
805 1321 930 1384 heredis
954 1321 1024 1384 loco
1042 1326 1113 1383 sunt
1128 1338 1269 1383 accomo-

157 1443 219 1508 dat.
280 1444 363 1508 nosti
405 1445 487 1529 enim
530 1446 683 1509 bonorum
725 1464 942 1528 possessorem
981 1466 1001 1508 a
1038 1449 1186 1526 praetore
1228 1442 1270 1506 ad

157 1569 387 1634 successionem
411 1570 533 1650 uocari,
559 1590 628 1634 cum
650 1571 718 1634 iure
743 1569 829 1634 ciuili
851 1570 1028 1651 ignoretur,
1058 1588 1190 1649 eumque
1213 1568 1271 1631 uti·

156 1693 228 1756 liter
258 1714 354 1775 agere
383 1700 414 1758 et
444 1695 620 1775 conueniri,
649 1695 740 1758 sicuti
769 1695 802 1758 in
825 1695 885 1758 111³
903 1693 1099 1758 institutione
1128 1669 1270 1756 diximus.
1291 1707 1338 1758 10·

157 1818 333 1880 cumcuim
357 1819 506 1900 actiones
530 1839 612 1898 quae
634 1819 683 1900 iis,
709 1820 762 1899 qui
785 1819 852 1882 iure
877 1817 963 1882 ciuili
986 1817 1165 1898 succedunt,
1190 1817 1272 1880 idest

156 1941 334 2022 heredibus,
351 1949 531 2025 competunt
542 1949 715 2026 perpetuae
728 1944 799 2024 sint,
816 1945 970 2009 bonorum
985 1949 1090 2006 autem
1106 1961 1272 2024 possessor

158 2071 189 2129 et
201 2066 386 2147 quicumque
397 2067 521 2132 heredis
532 2068 634 2132 locum
647 2069 776 2150 optinet,
793 2069 892 2132 ueluti
906 2066 1213 2132 fideicommissarius
1230 2087 1269 2130 ex

158 2193 428 2256 senatusconsulto
452 2192 639 2257 trebelliano
663 2212 720 2276 per
743 2213 813 2256 eam
833 2193 990 2257 fictionem
1010 2192 1135 2256 heredis
1158 2210 1271 2254 nomen

157 2315 383 2398 praeseferant,
396 2322 430 2380 ut
441 2337 498 2399 per
508 2315 613 2380 omnia
624 2317 707 2381 fictio
718 2318 884 2381 ueritatem
896 2318 1046 2398 redoleat,
1058 2316 1271 2380 necessarium
1292 2329 1337 2380 15»

157 2440 259 2504 uisum
283 2447 331 2504 est
352 2447 521 2524 perpetuas
546 2461 616 2506 esse
640 2442 789 2524 actiones,
814 2461 895 2522 quae
912 2443 1063 2506 bonorum
1083 2440 1271 2524 possessori-

158 2566 217 2630 bus
240 2573 426 2648 competunt,
450 2567 531 2630 sicut
552 2566 638 2647 illae,
663 2587 744 2647 quac
767 2566 935 2631 heredibus
960 2565 1054 2630 datae
1078 2573 1157 2629 sunt.
1196 2565 1271 2627 furti

159 2711 283 2772 quoque
315 2691 474 2755 manifesti
508 2692 604 2772 actio,
641 2691 785 2771 quamuis
813 2711 853 2755 cx
880 2690 1034 2774 praetoris
1057 2689 1271 2753 iurisdictione

158 2815 383 2898 proficiscatur,
405 2823 511 2880 tamen
533 2822 687 2899 perpetua
711 2822 766 2880 est.
799 2816 968 2879 absurdum
992 2815 1074 2878 enirn
1098 2820 1167 2878 erat
1189 2834 1271 2877 anno

159 2961 229 3004 eam
264 2941 432 3004 terminari.
479 2945 527 3004 set
559 2940 618 3004 erit
653 2941 706 3020 qui
739 2940 836 3004 dicat:
872 2939 960 3021 atqui
993 2939 1068 3002 furti
1100 2939 1181 3003 actio
1212 2939 1271 3000 XII
1292 2949 1332 3000 20*

158 3065 274 3129 tabulis
297 3071 373 3129 nota
395 3065 469 3128 fuit:
494 3085 558 3128 cur
585 3085 674 3146 ergo
699 3085 769 3128 eam
796 3063 986 3148 praetoriam
1015 3064 1179 3146 appellas?
1226 3069 1273 3126 set

158 3189 239 3253 ratic
262 3190 341 3254 haec
365 3195 426 3253 cst:
451 3190 503 3252 lex
525 3189 586 3252 Xll
608 3189 787 3253 tabularum
811 3209 881 3253 cum
903 3187 978 3252 furti
998 3188 1154 3252 actionem
1177 3187 1273 3251 intro-

160 3315 309 3395 duxisset,
334 3315 502 3397 eapitalem
525 3334 660 3398 poenam
684 3314 716 3377 in
731 3314 832 3378 furem
848 3313 1021 3378 constituit:
1045 3317 1174 3395 praetor
1196 3330 1272 3376 uero

159 3439 383 3523 pecuniariam.
429 3439 503 3519 quia
526 3444 630 3502 autem
653 3445 782 3521 propter
805 3439 1008 3521 asperitatem
1031 3437 1077 3516 id,
1107 3437 1191 3518 quod
1213 3437 1274 3499 Xll

159 3564 277 3628 tabulis
301 3564 500 3628 constitutum
524 3565 627 3629 fuerat
649 3565 813 3647 explosum
829 3570 941 3655 esthet
959 3564 1114 3648 praetoris
1138 3563 1204 3626 iure
1228 3563 1273 3627 uti
1292 3574 1338 3626 to

160 3696 306 3773 coeptum
329 3667 377 3753 est
401 3693 547 3770 (aequum
563 3689 646 3753 euim
662 3695 731 3754 erat
754 3709 834 3770 eum,
859 3655 912 3769 qui
928 3689 961 3752 in
976 3689 1111 3771 pecunia
1127 3687 1273 3751 damnum

161 3814 314 3895 dedisset,
348 3814 483 3897 pecunia
509 3814 657 3899 multari),
691 3813 763 3878 ideo
798 3814 990 3897 praetoriam
1019 3833 1089 3877 cam
1118 3813 1273 3876 actionem

161 3958 319 4005 uocemue.
369 3945 523 4022 perpetua
553 3944 657 4002 autem
685 3939 757 4003 ideo
785 3939 871 4002 facta
898 3945 962 4019 cst,
999 3937 1073 4018 quie
1104 3936 1278 4001 absurdum
