3298 5322
590 369 832 432 -395—

151 563 235 623 quae
260 542 342 607 aetio
366 543 413 606 illi
436 561 560 624 qnoque
581 542 670 606 'utilis
694 543 767 622 erit,
796 543 849 624 qui
873 543 964 608 unius
992 544 1038 608 rei
1061 543 1205 626 rapinam
1228 543 1269 608 sit

151 687 280 751 passus;
305 687 368 731 non
392 667 474 732 enim
499 667 573 748 quia
589 667 722 732 aetionis
740 667 917 749 designatio
933 667 1049 750 plurali
1071 687 1200 732 numero
1220 673 1269 732 est

152 793 264 874 relata,
282 792 353 856 ideo
372 791 444 874 ipsa
459 811 522 856 non
539 791 696 874 competit,
715 791 742 856 si
757 812 808 856 res
823 813 887 856 una
902 793 1056 874 rapiatur;
1079 793 1170 861 datur
1186 793 1269 858 enim

151 917 249 980 nihilo
280 917 394 997 minna,
429 937 530 997 neque
567 917 786 998 distinguimus
814 923 916 981 utrum
944 916 1052 1000 magni
1082 938 1123 980 an
1150 917 1269 982 minimi

151 1041 246 1124 pretii
257 1047 349 1124 rapta
364 1061 416 1105 res
432 1041 481 1106 sit.
509 1041 717 1123 quadruplum
730 1048 835 1106 autem
850 1042 883 1105 in
896 1041 928 1105 ui
940 1043 1091 1106 bonorum
1107 1048 1268 1125 raptorum
1305 1056 1320 1106 5

152 1165 277 1230 aetiana
300 1184 372 1246 non·
386 1170 485 1230 totum
508 1165 541 1228 in
563 1184 668 1249 poena
692 1171 748 1246 est,
772 1171 804 1230 et
826 1172 916 1230 extra
939 1185 1074 1248 poenam
1097 1165 1144 1230 rei
1163 1187 1268 1250 perse-

150 1291 251 1372 cutio,
281 1289 384 1376 [sicuti
411 1290 443 1353 in
470 1289 546 1354 furti
572 1290 732 1354 manifesti
760 1291 884 1355 actione
917 1290 1032 1355 dietum
1063 1297 1127 1372 est,
1161 1298 1209 1357 set
1235 1292 1268 1356 in

153 1415 330 1496 quadruplo
354 1421 385 1478 et
407 1414 455 1478 rei
477 1414 656 1496 persecutio
681 1413 875 1500 continetur]
922 1415 1028 1494 itaque
1052 1415 1086 1478 fit
1108 1421 1143 1478 ut
1164 1434 1269 1498 poena

150 1539 240 1622 tripli
263 1540 311 1603 sit.
358 1539 436 1603 haee
461 1545 565 1603 antem
596 1539 740 1619 dieimus‚
771 1540 837 1602 siue
865 1540 898 1603 in
922 1539 992 1622 ipsa
1020 1540 1133 1622 rapina
1160 1547 1269 1622 raptor

151 1663 413 1747 deprehendatur,
444 1663 511 1728 sine
535 1684 605 1727 non.
650 1663 813 1728 ridiculum
838 1664 920 1728 enim
943 1665 1025 1728 foret
1044 1663 1173 1729 leuioris
1196 1684 1267 1728 esse
1287 1678 1321 1728 10

150 1789 344 1853 eondieienis
362 1808 442 1868 enm,
461 1788 561 1868 quini
577 1789 668 1870 rapit,
686 1809 780 1868 quarn
796 1809 876 1869 eum,
902 1789 955 1869 qui
971 1789 1052 1852 elam
1068 1809 1133 1852 rem
1151 1789 1266 1854 aufert:

151 1933 233 1992 quae
254 1920 359 1976 tamen
382 1913 426 1976 ita
443 1932 477 1976 se
501 1932 564 1976 non
580 1913 697 1976 habere
722 1932 761 1975 ex
784 1913 866 1976 furto
890 1932 949 1976 nee
965 1913 1131 1978 manifesto
1148 1913 1267 1977 intelle-

151 2038 244 2121 gitur.
291 2059 362 2100 nam
395 2057 464 2101 eum
493 2038 531 2101 de
560 2039 641 2100 furto
670 2043 876 2101 tractaremus
905 2038 1052 2119 diximus,
1081 2039 1108 2101 ai
1136 2038 1205 2118 quis
1235 2038 1268 2101 in

151 2163 222 2245 ipso
257 2163 339 2226 furto
376 2162 629 2244 deprehendatur
659 2169 712 2225 aut
747 2162 971 2244 conspiciatur,
1004 2163 1078 2226 furti
1110 2161 1268 2226 manifesti

150 2287 308 2352 aetianam
332 2287 433 2350 lenum
450 2286 576 2365 habere,
602 2285 689 2349 euius
707 2286 925 2350 eandemnatio
943 2286 1110 2369 quadrupli
1134 2295 1195 2369 est;
1220 2287 1268 2350 sin
1289 2299 1320 2350 15

152 2420 257 2476 antem
285 2431 386 2490 neque
424 2411 676 2494 deprehendatur
711 2432 812 2492 neque
848 2412 1073 2495 conspiciatur,
1109 2412 1183 2475 furti
1209 2432 1267 2476 nee

151 2537 310 2600 manifesti
332 2537 365 2599 in
389 2536 516 2619 duplum
541 2537 696 2599 aetionem
714 2543 899 2619 competere.
935 2537 988 2617 qni
1004 2544 1108 2600 antem
1124 2535 1268 2618 rapinam

152 2661 289 2724 admittit
312 2661 343 2722 in
368 2661 577 2742 quadruplum
601 2667 733 2740 tenetur,
760 2661 826 2724 siue
850 2661 966 2742 inipso
987 2659 1140 2724 malelieio
1158 2660 1267 2742 depre-

151 2787 267 2849 hensus
291 2786 340 2866 sit,
365 2786 431 2848 siue
456 2785 551 2849 etiam
575 2786 709 2849 latuerit.
750 2786 782 2848 in
806 2806 927 2848 summa
950 2785 1044 2866 igitur
1067 2785 1141 2848 furti
1163 2803 1268 2866 poena

151 2911 243 2974 medo
268 2911 355 2992 dupli
378 2911 470 2974 modo
495 2911 662 2993 quadrupli
686 2917 742 2991 est,
767 2911 897 2994 rapinae
915 2917 1018 2974 antem
1035 2929 1159 2992 semper
1181 2908 1268 2990 tripli
1287 2921 1321 2971 20

153 3041 209 3114 est,
235 3035 302 3098 siue
327 3036 540 3118 deprehensus
564 3035 659 3099 fuerit
682 3043 790 3118 raptor
814 3035 880 3098 siue
904 3055 976 3116 non,
1002 3042 1032 3098 et
1055 3034 1126 3096 ideo
1148 3032 1268 3112 aliquid

119 3159 284 3241 [amplius
310 3166 363 3222 ant
387 3167 472 3224 eerte
496 3179 559 3222 non
585 3161 685 3223 minus
710 3160 826 3224 habere
842 3160 975 3223 uidetur.
1018 3155 1099 3238 nvi
1114 3159 1267 3220 bonorum

152 3289 310 3366 rapturum
335 3283 417 3348 aetio
447 3284 596 3366 competit
624 3283 652 3346 si
679 3283 751 3348 dolo
780 3285 863 3347 malo
893 3283 963 3364 quis
991 3281 1139 3364 rapuerit.
1185 3281 1267 3344 unde

154 3413 250 3488 patet,
276 3408 396 3489 siquis
421 3428 527 3473 errore
552 3408 696 3472 induetus
722 3415 753 3472 et
776 3409 851 3472 iuris
875 3408 1057 3490 imprudens
1085 3427 1150 3470 rem
1178 3426 1267 3469 snam

155 3533 256 3615 rapuit
288 3553 325 3596 eo
355 3522 473 3612 animo,
506 3533 597 3613 quasi
627 3533 750 3596 domino
779 3533 873 3596 lineat
907 3553 973 3596 rem
1001 3551 1089 3595 suam
1119 3549 1177 3613 per
1203 3529 1266 3593 nim
1286 3541 1319 3590 ‘25
