3370 5350
594 373 828 440 ..ggp..

160 563 295 639 oncrum
328 574 366 626 ex
394 557 669 626 senatusconsulto
696 559 835 640 armni,
866 579 967 644 neque
995 560 1090 628 ullam
1115 561 1269 628 affimenn

161 677 282 742 adeius
304 679 551 760 persecutionem
573 678 603 744 ei
622 686 810 760 conpetere.
849 693 1002 764 exceptos
1020 679 1152 746 cotom
1173 679 1270 763 impe-

161 797 266 860 ratoris
289 797 387 861 nostri
410 798 629 863 constitutione
651 798 677 863 is
700 798 866 880 adoptiuns
887 795 980 876 filins,
1003 817 1094 882 quern
1117 795 1269 865 muralis

160 921 243 996 pater
275 913 414 981 eiusdem
447 914 503 980 filii
535 935 594 982 cuo
617 917 827 1000 adoptandum
857 917 995 984 dederit:
1024 925 1158 1000 utroque
1188 919 1269 985 enim

160 1035 220 1099 iure
240 1034 291 1099 bic
321 1041 525 1102 concurrente
556 1037 705 1120 (naturali
733 1036 859 1122 quidem
889 1043 1017 1120 propter
1044 1037 1268 1120 cognationem,
1303 1036 1322 1090 ὅ

159 1155 288 1234 legitimo
311 1173 386 1218 uero
408 1173 466 1236 per
486 1155 696 1239 adoptionem)
716 1156 851 1240 pristina
873 1131 1120 1222 inrnserucmns
1142 1157 1174 1222 in
1189 1156 1270 1224 eius·

159 1273 236 1338 modi
257 1273 443 1356 adoptione,
472 1277 734 1356 quemadmodum
758 1277 791 1343 si
820 1277 890 1357 quis
919 1274 1141 1359 paterdomiliss
1170 1281 1271 1342 semet

159 1393 364 1475 adrogandnm
388 1395 517 1462 dederit.
561 1412 642 1477 quae
663 1395 842 1477 specialiter
862 1402 894 1462 et
915 1393 1095 1477 singillatim
1118 1413 1160 1460 cx
1178 1411 1271 1476 proe-

120 1512 234 1580 roiotne
255 1515 488 1581 constitutionis
510 1515 616 1581 uerbis
638 1515 739 1597 colligi
766 1519 906 1598 possunt.
950 1515 999 1580 1'5.
1031 1508 1156 1579 Pariter
1177 1517 1213 1578 et
1234 1511 1270 1578 il·

158 1631 208 1698 lud
228 1635 415 1699 conueniens
438 1634 609 1700 remedium
639 1641 765 1700 nactum
788 1639 845 1699 est.
889 1651 958 1700 cum
981 1634 1063 1699 enim
1086 1639 1209 1698 ueteres
1231 1651 1269 1698 ex
1290 1639 1324 1691 lo

157 1753 297 1820 masculis
320 1755 499 1838 progenitos
521 1754 590 1837 plus
613 1753 788 1838 diligerent,
810 1751 950 1835 solisque
977 1752 1141 1836 nepotibus
1169 1752 1269 1835 nepti·

158 1875 248 1938 bnsue
269 1895 309 1940 ex
331 1874 416 1940 uirili
437 1892 514 1940 sexu
537 1873 796 1941 descendentibus
818 1893 946 1942 suorum
966 1873 1039 1940 iura
1067 1873 1193 1950 dorent,
1214 1872 1269 1938 ad·

156 1995 315 2074 gnatisque
337 2012 390 2060 eos
405 2001 639 2076 anteponerent,
662 2002 791 2076 nepotes
807 2012 883 2060 uero
897 2013 935 2060 eu
949 1992 1022 2071 filiu,
1044 2011 1102 2059 seu
1122 2011 1162 2059 ou
1175 1998 1270 2074 nepte

156 2122 337 2196 pronepotes
359 2113 501 2195 cognatis
523 2120 784 2180 connumerarent
804 2120 837 2178 et
851 2119 922 2195 post
936 2112 1090 2195 adgnatos
1100 2118 1268 2178 manent:

156 2242 339 2301 nocerentur
359 2243 465 2300 autem
487 2235 528 2300 ad
547 2233 701 2301 bonorum
723 2232 952 2300 successionem
971 2238 1041 2297 tum
1062 2232 1115 2297 aui
1136 2230 1269 2297 materni
1289 2242 1321 2296 lo

156 2361 216 2418 tum
237 2356 330 2420 auiae
345 2355 396 2421 nel
409 2353 559 2436 proauiae
576 2354 645 2420 siue
660 2361 808 2438 paternae
830 2353 899 2418 siue
920 2355 1088 2430 maternae,
1110 2347 1202 2416 nullis
1223 2351 1269 2416 in-

155 2475 396 2543 teruenientibus
419 2475 573 2558 adgnatis,
597 2474 652 2560 qni
674 2494 775 2558 nuper
796 2473 924 2540 luerunt
943 2470 1099 2556 principes
1120 2471 1201 2538 benc
1221 2469 1268 2568 in·

154 2593 260 2660 iuriam
283 2594 352 2662 sine
374 2594 590 2662 emendatione
611 2612 673 2660 non
695 2592 899 2674 reliquerunt
943 2609 1014 2658 cnm
1039 2590 1124 2656 enim
1144 2590 1268 2674 nepotis

155 2715 392 2800 pronepotistpuc
409 2733 525 2782 nomen
546 2731 710 2782 commune
724 2720 780 2781 eet
801 2719 866 2780 tarn
888 2729 925 2778 cu
947 2708 1093 2778 muts
1113 2723 1268 2790 quamex

154 2835 269 2902 lembis
292 2835 564 2915 descendentibus,
585 2837 656 2903 ideo
679 2835 811 2902 eundem
824 2833 967 2900 ordinem
983 2830 1177 2911 eundemque
1198 2845 1268 2893 sno·
1283 2829 1321 2882 2⁰

154 2955 298 3023 cessionis
329 2955 459 3040 gradum
486 2957 533 3021 eis
556 2953 769 3023 donauerunt:
790 2955 837 3020 itu
862 2961 967 3020 tamen
993 2954 1030 3018 nt
1056 2945 1175 3033 aliquid
1203 2963 1268 3012 ann·

62 3111 63 3178 t
154 3073 229 3157 plius
251 3095 290 3142 ex
312 3073 460 3144 mosculis
482 3073 706 3142 descendentes
729 3072 916 3155 acciperent,
938 3075 1048 3156 utpote
1075 3077 1107 3136 et
1136 3071 1267 3134 naturae

154 3194 213 3262 noti
234 3201 267 3262 et
289 3199 433 3262 ueterum
454 3194 603 3277 suffragio
626 3192 746 3272 muniti,
769 3190 897 3276 utplus
924 3187 1042 3260 scilicet
1067 3188 1191 3257 tertiam
1213 3185 1268 3253 ha·
