3154 5338
594 415 824 477 -317-

149 619 237 678 nem,
272 601 425 666 bonorum
456 601 592 666 addictio
619 601 812 666 libertatium
842 601 1129 666 conseruandarum
1163 620 1266 666 causa.

148 719 210 785 hae
231 719 357 802 quidem
379 721 411 784 in
434 741 495 786 usu
518 726 601 800 sunt,
626 721 707 787 duae
724 726 830 787 autem
853 721 1023 802 abrogatae
1045 725 1128 799 sunt,
1152 721 1270 786 scilicet

149 841 304 906 bonorum
326 841 465 907 uenditio
487 845 520 907 et
542 861 579 907 ex
602 841 774 908 Claudiano
802 845 929 908 senatus
953 841 1096 906 consulto
1117 842 1149 906 in
1172 841 1270 906 serui-

149 965 253 1026 tutem
275 961 422 1027 redactio.

427 1578 474 1642 De
496 1575 747 1658 obligationibus.
793 1576 916 1641 Titulus
941 1578 988 1640 13.

235 1729 314 1795 Cum
329 1729 367 1794 de
389 1729 509 1794 rebus
525 1729 701 1805 dixerimus
717 1735 914 1794 transeamus
931 1729 971 1794 ad
993 1730 1265 1812 obligationes.
1285 1738 1301 1788 5

147 1855 198 1915 set
221 1849 282 1914 erit
302 1847 437 1914 sortasse
459 1848 513 1930 qui
540 1849 692 1914 eiusmodi
715 1849 855 1914 ordinem
877 1849 1101 1931 reprehendat,
1130 1856 1162 1914 et
1184 1849 1268 1914 dieat

147 1986 206 2033 nos
230 1987 293 2032 non
315 1988 351 2033 ex
373 1968 519 2033 instituto
535 1972 643 2033 nostro
660 1968 699 2033 de
720 1969 961 2050 obligationibus
983 1970 1077 2051 loqui.
1112 1970 1144 2034 in
1166 1969 1268 2051 prima

147 2089 233 2153 enim
260 2088 477 2166 Institutione,
505 2088 560 2153 ubi
587 2087 784 2152 definiuimus
814 2088 854 2153 ad
883 2108 964 2170 quae
990 2107 1191 2154 romanorum
1217 2090 1267 2154 ius

146 2209 314 2290 pertineat,
339 2207 472 2273 diximus
495 2208 536 2272 ad
558 2208 634 2273 haec
654 2209 819 2290 pertinere,
842 2208 882 2272 ad
904 2227 1054 2290 personas
1077 2209 1203 2287 seilicet,
1228 2208 1267 2272 ad

146 2349 210 2408 res,
235 2329 275 2394 ad
297 2329 444 2393 actiones.
487 2347 558 2393 cum
580 2329 678 2410 igitur
700 2329 739 2393 de
760 2329 902 2410 personis
924 2328 1020 2394 locuti
1043 2329 1150 2406 simus,
1175 2333 1207 2392 et
1230 2328 1268 2393 de
1289 2336 1320 2386 10

146 2449 244 2514 rebus
267 2467 392 2531 qnoque
413 2449 666 2526 tractauerimus,
690 2450 911 2514 conuenienter
925 2468 1008 2514 nune
1031 2449 1070 2515 de
1092 2449 1268 2515 actionibus

146 2573 235 2634 esset
256 2568 429 2634 dicendum.
468 2587 524 2634 cur
546 2587 630 2650 ergo,
653 2569 827 2634 actionibus
850 2569 976 2647 relictis,
1000 2569 1041 2633 ad
1063 2568 1268 2650 obligationes

146 2689 293 2754 conuersi
315 2690 448 2754 sumus?
470 2694 519 2754 set
541 2688 664 2754 delendi
686 2708 761 2754 sane
784 2689 936 2755 eiusmodi
959 2689 1035 2754 ordo
1058 2693 1172 2770 potest,
1195 2707 1268 2754 nam

145 2809 204 2891 qui
226 2809 264 2873 de
280 2808 521 2890 obligationibus
539 2809 688 2891 loquitur,
711 2809 875 2890 paullatim
897 2809 993 2874 tacito
1016 2809 1152 2890 quodam
1174 2808 1268 2873 modo

145 2929 244 3010 etiam
266 2928 305 2993 de
326 2929 499 2994 actionibus
522 2932 653 2993 tractat:
681 2933 798 2993 matres
821 2929 903 2993 enim
926 2929 1083 2994 actionum
1106 2925 1319 3009 obligatio-15

144 3065 204 3112 nes
231 3051 313 3112 sunt.
364 3046 489 3112 Ordinis
516 3047 614 3128 igitur
640 3047 741 3113 nostri
775 3047 897 3112 ratione
926 3047 1069 3125 defensa,
1104 3047 1268 3114 uideamus

144 3167 225 3250 quid
248 3167 289 3232 sit
310 3166 529 3249 obligatio?
558 3167 707 3249 obligatio
736 3172 790 3233 est·
806 3168 966 3233 uinculum
989 3169 1081 3245 iuris,
1113 3185 1175 3249 quo
1198 3168 1268 3249 quis

143 3287 335 3352 necessitate
367 3286 575 3369 adstringitur
608 3288 641 3352 id
673 3287 758 3369 quod
792 3287 884 3353 debet
921 3288 1063 3352 soluendi
1097 3288 1268 3354 secundum

143 3411 276 3472 nostrae
309 3407 443 3472 civitatis
471 3407 549 3471 iura.
595 3407 680 3473 nosti
708 3407 789 3472 euim
817 3425 879 3471 non
907 3426 1029 3473 omnem
1062 3406 1158 3472 debiti
1186 3407 1269 3472 solu·

143 3528 266 3593 tionem
288 3531 391 3592 ratam
413 3545 495 3605 esse,
518 3527 578 3592 nisi
601 3527 771 3592 seeundum
793 3527 877 3609 leges
900 3525 971 3592 fiat:
1002 3528 1079 3593 baec
1101 3527 1164 3591 dixi
1186 3528 1269 3592 solu·
1285 3531 1319 3582 20

143 3648 266 3714 tionem
287 3646 427 3714 indicans
449 3647 481 3712 in
504 3647 657 3729 pupillum
679 3647 730 3712 uel
754 3667 774 3712 a
794 3646 913 3728 pupillo
936 3645 1067 3726 laetam,
1098 3648 1148 3712 eui
1176 3646 1270 3712 debet

142 3773 239 3834 tutor
264 3769 453 3834 consentire:
486 3767 644 3832 interdum
674 3772 707 3832 et
735 3767 864 3833 alterius
900 3766 1063 3833 cuiusdam
1091 3766 1136 3830 rei
1164 3766 1270 3832 obser-

94 3903 122 3954 1.
142 3888 237 3954 uatio
261 3885 437 3954 adhibenda
458 3891 515 3954 est.
552 3890 578 3952 1.
603 3887 749 3952 Omnium
772 3892 877 3953 autern
898 3885 1124 3968 obligationum
1147 3905 1270 3952 summa

143 4007 263 4075 diuisio
284 4007 361 4074 baec
383 4012 445 4074 est:
476 4026 612 4090 namque
639 4011 696 4073 aut
717 4007 861 4074 ciuiles
888 4005 1093 4088 obligationes
1116 4009 1191 4071 sunt
1213 4009 1270 4070 ant

137 5003 183 5013 --ιιι
278 5003 285 5014 n
403 5021 408 5028 ι
735 5000 751 5025 Ψ
1052 5021 1058 5032 r
1128 5029 1141 5038 ·
1174 5020 1208 5028 .-
