3298 5322
851 474 892 482 ω
939 439 1005 501 404
1051 473 1092 480 -

412 611 448 675 δὲ
485 609 739 696 ὡμολογημένων
773 611 869 687 ἐστὶν,
902 609 1005 698 ὥςπερ
1038 613 1072 676 ἐκ
1098 620 1157 676 τοῦ
1184 609 1319 698 πρώτον
1347 613 1529 698 κεφαλαίου

410 715 482 784 τότε
512 717 678 797 κατέχεταί
704 742 752 792 τις
782 727 828 805 τῷ
854 719 996 804 ΑηοὶΙίῳ,
1024 715 1161 782 ἐπειδάν
1191 716 1278 802 δόλῳ
1310 716 1329 804 ἢ
1352 720 1447 802 οίιίῳᾳ
1470 718 1530 784 τόν

410 821 581 910 α’λλότριον
604 826 729 908 οἰκέτην
753 821 771 910 ἢ
793 821 830 889 τό
854 830 950 907 pecus
973 821 1081 912 α’νέλη,
1105 822 1189 888 οὕτω
1212 826 1266 887 καὶ
1289 823 1323 888 έκ
1342 822 1401 889 τοῦ
1416 831 1528 909 τρίτου

411 929 428 995 ό
452 927 548 1004 δόλος
571 927 590 1015 ἢ
611 927 630 1015 ἡ
653 931 745 1012 σέλμα
767 927 944 1008 ένάγεσθαι
963 928 1125 994 ποιεῖτον
1140 929 1358 1015 ζημιώσαντα.
1406 929 1526 996 οδκοῦν

376 1052 390 1101 5
409 1033 491 1100 κατά
515 1043 611 1101 τοῦτο
627 1036 767 1100 ἐοίκασιν
789 1034 937 1122 ἀλληλοις
960 1037 1000 1100 τά
1018 1035 1079 1102 δόο
1094 1034 1267 1121 κεφάλαια.
1313 1036 1349 1102 έν
1364 1037 1472 1124 ἐκείνῳ
1490 1038 1528 1102 δέ

411 1139 559 1228 διόμοχεν
578 1139 630 1206 ότι
645 1139 682 1207 τό
697 1142 756 1224 μὲν
776 1151 908 1228 πρῶτον
922 1140 1100 1229 κεφάλαιον
1116 1145 1190 1230 περὶ
1200 1145 1326 1207 οἰκέτου
1338 1141 1357 1229 ι’,
1368 1145 1493 1228 ροοίιόιι
1503 1147 1527 1228 ¹)

410 1250 508 1334 φησὶν
534 1245 770 1334 α’ναιρέσεωςλ),
798 1245 837 1312 τό
866 1248 903 1312 δέ
930 1254 1040 1334 τρίτον
1063 1250 1155 1326 ποτέ,
1178 1248 1237 1314 νόν
1261 1249 1424 1337 δεύτερον,
1447 1253 1525 1337 περὶ

409 1353 546 1440 πάσηςθ)
575 1363 628 1441 της
655 1353 845 1439 λειπομένης
873 1353 1087 1438 διαλαμβάνει
1112 1355 1239 1440 ζημίας,
1268 1359 1324 1420 καὶ
1353 1353 1394 1420 οδ
1419 1354 1528 1438 μόνον

350 1497 355 1504 =
409 1458 474 1536 512⁴)
507 1459 624 1546 τούτῳ,
651 1457 734 1524 α’λλά
763 1463 817 1523 καὶ
844 1459 880 1524 έν
906 1461 1025 1547 ἐκείνῳ,
1053 1459 1105 1525 ότι
1131 1461 1187 1526 ἐπὶ
1214 1463 1273 1544 μέν
1302 1471 1361 1527 τοῦ
1386 1460 1527 1548 πρώτου

357 1582 391 1632 10
408 1567 586 1647 κεφαλαίου
617 1565 673 1630 ἐπὶ
700 1565 849 1631 ἐνιαυτόν
875 1565 893 1631 ό
922 1565 1071 1653 δικαστὴς
1098 1566 1214 1633 ἑαυτόν
1241 1567 1378 1650 οἷνακλᾷ,
1406 1567 1464 1632 ἐπὶ
1488 1569 1526 1632 δέ

408 1681 477 1737 τῶν
509 1670 754 1756 συμβαινόντων
781 1671 814 1736 έκ
837 1671 896 1738 τοῦ
918 1677 1029 1758 τρίτου
1055 1678 1233 1760 κεφαλαίου
1262 1675 1319 1738 ἐπὶ
1345 1673 1525 1760 τριάκοντα

408 1777 534 1866 ἡμέρας.
577 1783 627 1845 15.
651 1777 751 1843 Κδκεῖ
771 1779 830 1861 μέν
853 1777 1039 1867 πρόσκειται
1053 1777 1090 1844 τό
1106 1782 1299 1864 ‘plurimi’,
1322 1778 1470 1846 ἐνταῦθα
1485 1781 1571 1845 δέΙῖ.

409 1887 578 1970 σεσίγηται,
612 1883 653 1958 οἷς
685 1883 839 1950 έντεῦδεν
870 1891 1056 1972 παρρησίαν
1090 1885 1173 1967 ἔχειν
1207 1885 1265 1952 τόν
1297 1885 1452 1974 δικαστήν
1479 1890 1525 1962 είς

408 1991 530 2076 ἐκείνην
556 1989 731 2077 ἀναφέρειν
758 1992 791 2056 έκ
818 2001 883 2056 τῶν
909 1990 1084 2080 τριάκοντα
1111 1990 1235 2079 ἡμερῶν
1262 1992 1320 2080 τδμ
1342 1992 1464 2080 ἡμέραν
1486 1995 1524 2058 έν

357 2095 426 2186 1οῇ
449 2094 621 2172 ἐλάττονος
645 2095 738 2173 ἄξιον
759 2095 831 2182 ἦνῦ)
856 2095 893 2163 τό
916 2107 1053 2185 πρᾶγμα
1076 2103 1129 2162 καὶ
1151 2100 1356 2185 χαρίσασθαι
1378 2125 1425 2184 τῳ
1448 2100 1521 2163 ένα-

408 2207 533 2289 γομένῳ
549 2201 568 2289 ἢ
590 2206 634 2277 είς
654 2203 692 2290 ἢν
707 2205 857 2279 πλείονος
871 2203 1007 2291 ὑπῆρχε,
1026 2207 1079 2268 καὶ
1095 2203 1259 2291 ὠφελῆσαι
1274 2203 1332 2270 τόν
1347 2204 1520 2290 ένάγοντα.

409 2307 490 2373 ἄλλα
514 2307 685 2376 κάλλιστόν
708 2329 805 2396 φησιν
827 2309 848 2375 ό
870 2311 1006 2376 Sabinos
1021 2309 1139 2394 όμοίαν
1154 2312 1266 2394 εἶναιθ)
1291 2315 1449 2397 ποιητέαν
1464 2310 1524 2398 την

365 2461 367 2466 -
409 2414 600 2500 διατίμησιν,
622 2414 724 2502 ὥςπερ
745 2419 773 2482 ελ
787 2414 961 2481 κδνταόθα
976 2414 1014 2481 τό
1031 2398 1205 2500 ‘pll‘irimi'
1220 2421 1408 2504 προσέκειτο
1425 2418 1520 2504 ῥῆμα.

408 2519 429 2586 ό
443 2518 505 2608 γάρ
522 2519 681 2608 ῥωμαϊκός
697 2522 832 2603 χυδαῖος
848 2522 947 2609 δῆμος
962 2521 1047 2587 κατά
1061 2521 1119 2588 τόν
1130 2520 1243 2609 καιρόν
1254 2533 1310 2608 τῆς
1323 2522 1522 2600 διαστάσεως

355 2644 390 2694 20
407 2629 466 2691 τοῦ
490 2627 627 2708 χυδαίου
650 2626 753 2714 δήμου
775 2630 829 2692 καὶ
844 2638 898 2716 της
914 2627 1099 2716 συγκλήτου,
1121 2631 1180 2693 τοῦ
1197 2631 1324 2712 Aquiliu
1341 2629 1521 2716 [δήμαρχος

408 2733 445 2797 δέ
457 2731 591 2820 οότος7)]
604 2732 664 2800 τόν
675 2733 828 2822 παρόντα
839 2733 941 2818 νόμον
956 2735 1116 2818 τεθέντος,
1133 2735 1270 2822 ἠρκέσθη
1286 2733 1331 2823 τῷ
1347 2737 1522 2820 ‘plurimi’

408 2837 523 2926 ῥήματι
550 2840 585 2905 έν
611 2839 657 2928 τῷ
683 2839 803 2928 πρώτῳ
831 2840 962 2924 κειμένῳ
992 2841 1167 2929 κεφαλαίῳ.
1218 2846 1300 2924 1631)
1329 2841 1456 2907 Κανόνι
1484 2842 1568 2907 δέ16.

405 2943 517 3033 γενικῷ
545 2945 597 3010 δεῖ
621 2950 807 3034 περιλαβεῖν
835 2945 917 3013 πότε
940 2946 960 3012 ό
983 2945 1182 3030 δίτοοίοεθ)
1206 2949 1351 3029 Aquilios
1374 2947 1520 3034 ἁρμόσει,

406 3049 488 3116 πότε
511 3051 549 3116 δέ
571 3049 590 3116 δ
609 3054 760 3130 atilios,
783 3055 836 3116 καὶ
859 3056 937 3128 τέως
959 3052 1080 3118 εἰδέναι
1102 3052 1162 3140 χρη
1184 3051 1234 3119 δτι
1252 3052 1273 3118 δ
1288 3051 1387 3137 νόμος
1403 3053 1520 3120 ἑαυτόν

355 3174 388 3226 25
407 3157 558 3235 δίδωσιν,
586 3156 723 3224 έπειδδιν
749 3156 893 3248 α’δικηβῇ
922 3155 1026 3242 σῶμα.
1072 3157 1144 3223 ἄλλ’
1171 3163 1199 3224 εί
1224 3160 1284 3243 μέν
1310 3159 1346 3224 έκ
1370 3158 1519 3244 σώματος

406 3262 426 3350 ἦ
455 3261 559 3350 βλάβη
591 3264 846 3352 προςγένηταιδ),
878 3263 977 3346 τυχόν
1003 3263 1065 3353 γάρ
1073 3266 1109 3352 ¹⁰)
1140 3267 1254 3352 ψιλαῖς
1281 3277 1352 3342 ταῖς
1380 3267 1518 3350 ἐμαυτοῦ

406 3372 513 3456 χερσίν
535 3368 555 3457 ἢ
576 3369 656 3454 μετά
680 3369 776 3448 ξόλον
794 3369 814 3458 ἢ
835 3371 934 3436 λίθου
955 3370 978 3457 ἤ
999 3371 1108 3459 ἑτέρου
1130 3369 1221 3448 τινάς
1236 3369 1379 3459 όργάνου
1394 3370 1518 3460 πλήξας

405 3475 535 3541 α’νεῖλον
557 3474 576 3563 ἢ
597 3475 825 3564 έτραυμυίτισα,
849 3479 984 3544 directos
1007 3475 1028 3543 ό
1046 3479 1189 3559 Aquilios
1205 3476 1338 3565 ἁρμόσει
1347 3480 1393 3563 ¹¹).
1438 3481 1467 3543 ελ
1482 3478 1518 3542 δέ

407 3590 497 3664 σῶμα
524 3583 584 3666 μέν
609 3581 749 3670 ἧδικηθη
777 3582 835 3649 οόκ
861 3582 931 3650 α’πό
959 3581 1107 3667 σώματος
1134 3584 1172 3648 δέ
1199 3589 1331 3664 γέγονεν
1358 3584 1377 3671 ἦ
1403 3583 1516 3669 βλάβη,

496 3742 517 3810 ¹)
537 3757 589 3797 scr.
608 3743 642 3796 M.
661 3744 718 3796 L¹.:
738 3741 873 3799 πεκοόδου
893 3743 949 3797 L¹.:
969 3747 1021 3799 oet.
1042 3747 1141 3798 -δων.
1248 3743 1270 3811 ²)
1289 3748 1455 3816 -ρεδέντος
1472 3743 1513 3796 11¹.

406 3829 430 3898 ³)
450 3832 578 3902 διαλαμβ.
597 3829 622 3885 h.
642 3831 659 3885 l.
678 3831 722 3886 Vi.
741 3831 771 3886 F.
789 3832 824 3886 R.
931 3830 1336 3900 41ἒτ11ιὶο.ο1αοι111.11.
1443 3833 1467 3900 ⁶)
1483 3823 1515 3900 ἦν

407 3916 448 3982 άξ.
467 3917 511 3972 Vi.
530 3918 560 3973 F.
579 3919 612 3973 R.
719 3919 741 3988 6)
761 3913 839 3992 οἶμαι
856 3919 891 3973 Μ.
909 3921 953 3974 L1.
971 3920 1028 3974 L¹.:
1047 3916 1120 3976 εἶναι
1138 3919 1239 3992 ὁμοίως
1256 3921 1300 3974 L².
1413 3921 1435 3988 ¹)
1454 3919 1512 3992 δὴμ.

406 3999 462 4062 οότ.
482 3998 515 4076 ἦν
532 4007 577 4061 vi.
596 4009 629 4062 R.
743 4008 765 4077 ¹³)
785 4007 842 4077 ἤτοι
860 4007 961 4082 όρδρος
979 4009 1022 4062 L2.
1137 4008 1161 4078 ⁹)
1178 4010 1212 4067 M.
1231 4008 1287 4064 L⁶.:
1307 4014 1359 4064 oet.
1380 4008 1512 4078 -ἡσεται

407 4095 441 4163 ¹⁰)
461 4095 486 4149 d.
505 4095 550 4150 vi.
659 4096 694 4164 ¹¹)
712 4103 786 4162 -ζει
802 4098 845 4150 L¹.
863 4097 908 4152 L2.
925 4097 969 4152 L⁶.
987 4097 1051 4152 Bas.
1071 4097 1100 4150 F.

495 4185 521 4253 a)
541 4184 625 4240 schol.
643 4186 707 4241 Bas.
727 4186 753 4239 V
773 4189 832 4240 271.
