3328 5318
830 351 1069 414 -450-

395 523 515 608 οἰκέτης
537 523 797 608 πραγματεύεται
819 523 915 608 μέρος
937 533 996 588 τοῦ
1019 526 1144 608 ρεσυίἰυ
1152 526 1186 608 ¹),
1213 520 1251 588 τὸ
1273 527 1383 606 τρίτον
1410 519 1513 602 τυχόν

393 627 415 714 ἤ
437 627 475 694 τό
500 633 654 714 τέταρτον
678 628 695 716 ἢ
717 631 770 693 καί
792 629 831 694 τό
855 628 949 694 ἑκτόν
971 635 1066 718 μέρος
1088 639 1148 696 τοῦ
1172 631 1307 714 pecultu.
1352 629 1407 692 καὶ
1430 626 1512 693 οὐδὲ

394 733 473 800 αὐτὸ
510 731 588 799 όλον
620 735 751 822 φέρεται
783 735 821 800 τὸ
849 741 942 801 ἕκτον
968 741 1063 821 μέρος
1090 745 1149 801 τοῦ
1176 738 1315 820 petum,
1346 737 1391 810 εἰς
1414 735 1434 798 ὅ
1457 733 1509 814 δί)

394 844 515 926 οἰκέτης
539 841 816 967 πραγματεύεται,
845 847 1031 928 κινουμένης
1054 841 1110 927 τῆς
1137 844 1333 924 ttibutoriaS,
1362 839 1446 904 a’tta'
1469 837 1510 905 τό

361 946 615 1032 ίδφαιρεθέν
599 946 661 1013 υπὸ
685 957 743 1013 τοῦ
768 947 968 1012 δεσπότου
952 973 986 1012 εν
1008 974 1045 1038 τη
1069 948 1250 1034 διανεμησει
1272 951 1336 1013 τῶν
1352 952 1511 1031 φορτίων,

396 1052 470 1128 ὤςτε
494 1051 553 1117 οὖν
575 1054 689 1136 μέρους
713 1059 815 1138 μέρος
831 1055 967 1141 (μεᾞρεται
1013 1064 1070 1120 τοῦ
1094 1055 1131 1118 δὲ
1153 1053 1263 1138 ἑτέρου
1277 1050 1443 1137 peouttu'
1426 1077 1509 1136 οπερ

394 1159 480 1223 ἐστὶν
507 1160 542 1224 έν
568 1159 703 1246 κτήμασι
731 1163 783 1224 καὶ
810 1159 1036 1247 ανδραπόδοις
1063 1164 1118 1224 καί
1146 1160 1193 1236 οἷς
1221 1157 1469 1242 έποφείλεται“
1453 1162 1511 1244 ιμ’

394 1265 539 1350 ἑτέρων3)
565 1269 688 1352 οἰκέτης
713 1267 862 1342 δανείσας
879 1267 977 1350 τυχόν
999 1292 1062 1331 τινι
1086 1267 1125 1332 οδ
1149 1273 1269 1347 γίνεται
1291 1265 1397 1350 λόγος.
1433 1264 1507 1340 ὥςτε

395 1372 446 1436 δεῖ
473 1397 546 1436 τινα
575 1372 783 1458 σκοπησαντα
811 1372 971 1460 πρότερον
999 1377 1079 1438 καθ’
1100 1372 1247 1457 ἑαυτόνί)
1276 1371 1313 1438 τό
1343 1377 1509 1458 συμφέρον

342 1491 375 1543 10
394 1477 492 1564 αἰτῷ,
516 1507 530 1564 η
556 1477 613 1564 τιζν
636 1481 823 1544 tributortan
848 1479 865 1564 ἰ
887 1479 944 1564 την
967 1483 1005 1546 de
1026 1483 1150 1564 peculio
1167 1479 1392 1555 ἐπιλέξασθαι.
1427 1481 1456 1542 εἰ
1471 1479 1511 1541 δέ
1569 1548 1573 1555 ,

394 1609 441 1659 τις
466 1583 604 1649 δέναται
627 1585 800 1662 ἀποδεῖξαι
824 1585 873 1651 ἔτι
895 1585 935 1650 τό
961 1587 1175 1651 δανεισθέντα
1198 1583 1256 1651 ὑπ’
1271 1584 1372 1650 αὐτοῦ
1391 1588 1435 1659 εἰς
1451 1583 1508 1669 την

395 1690 509 1755 οὐσίαν
532 1690 735 1778 προεχώρησε
757 1691 815 1757 τοῖν
837 1691 1008 1769 δεσπότου,
1032 1694 1229 1771 ἕπιλεγέσδοι
1246 1695 1371 1774 μᾶλλον
1387 1689 1446 1776 την
1468 1692 1507 1754 de

394 1800 525 1882 peculiO,
549 1805 601 1862 ίνα
625 1797 692 1864 οἰτό
717 1797 775 1862 τοῦ
798 1804 972 1884 κεφαλαίου
995 1797 1049 1881 τίς
1073 1801 1159 1864 dein
1176 1821 1240 1863 rem
1265 1820 1357 1863 uerso
1375 1825 1394 1884 η
1409 1822 1506 1860 κατα-

395 1905 466 1989 δίκη
489 1909 627 1989 χένηται.
664 1911 693 1972 6.
720 1904 800 1989 w)
817 1908 964 1990 εἰρημένα
979 1904 1057 1990 ἡμῖν
1080 1909 1154 1988 περὶ
1178 1905 1301 1969 οἰκέτου
1321 1906 1375 1968 καὶ
1392 1902 1505 1968 δεσπό-
1518 1913 1542 1962 6.

343 2025 375 2074 15
394 2035 462 2086 του,
485 2009 525 2074 τοὶ
550 2009 631 2075 αὐτοὶ
659 2013 823 2096 νοουμενθ)
848 2015 923 2097 περὶ
946 2010 1017 2076 υἱοῦ
1040 2015 1093 2074 καί
1118 2009 1280 2097 θυγατρός
1304 2015 1359 2074 καί
1375 2008 1508 2088 ἐκγόνου

395 2120 447 2179 καί
471 2116 616 2202 έκγόνης,
641 2121 694 2180 καί
717 2116 844 2203 πατρός
867 2116 913 2181 έτι
933 2119 969 2181 δέ
992 2119 1046 2181 καὶ
1068 2117 1229 2193 πάππου,
1254 2115 1298 2182 ὧν
1322 2115 1507 2192 ὖπεξοόσιοί

395 2226 473 2287 εἰσιν
496 2220 596 2286 οὗτοι.
646 2229 672 2289 7.
689 2221 805 2288 Ἐκεῖνο
823 2224 859 2286 δέ
876 2224 1063 2298 ἰδιαζόντως
1083 2224 1138 2287 ἐπὶ
1161 2233 1225 2288 τῶν
1241 2224 1421 2308 ἐλευθέριον
1443 2231 1508 2286 τῶν
1519 2231 1540 2278 7.

395 2331 427 2394 in
455 2336 611 2412 potestate
640 2342 815 2410 σκοπεῖται,
845 2328 893 2394 ὅτι
920 2329 957 2395 τό
981 2332 1239 2396 υιοοοδουίέιοίοο
1268 2329 1377 2414 δόγμα
1406 2328 1445 2404 εἰς
1473 2328 1508 2393 έν

395 2437 627 2525 παραγραφηἹ)
655 2435 828 2500 α’ντίκειται
856 2449 923 2511 τοῖς
948 2438 1131 2501 δανείσασιν
1157 2435 1371 2512 ὑπεξοοσίοις.
1417 2437 1448 2500 τί
1472 2436 1508 2498 δὲ

343 2555 377 2605 20
395 2541 491 2606 τοίτό
514 2542 600 2606 ἐστιν
624 2541 802 2621 οἷναγκαΐον
825 2547 937 2607 εἰπεῖν.
974 2545 1133 2608 Μουὸδωυ
1156 2569 1204 2617 τις
1228 2541 1313 2607 οὕτω
1337 2542 1508 2625 λεγόμενος

396 2653 527 2726 γέγονεν
561 2649 595 2712 έν
629 2648 665 2738 τη]
700 2648 847 2738 Ῥοίμηῦ)
884 2649 1074 2726 ότιεξοόσιος
1110 2648 1155 2714 τόν
1188 2659 1233 2736 τῷ
1268 2651 1371 2735 οἰκείῳ
1407 2653 1507 2734 πατρὶ

395 2755 582 2821 ἐδανείσατο
606 2755 696 2842 παροί
718 2780 816 2832 τινος,
840 2757 980 2831 ἐλπίζων
996 2755 1047 2820 ὅτι
1063 2755 1306 2842 τελευτησαντος
1325 2754 1428 2821 αὐτοῦ
1449 2765 1506 2818 τοτ’·

394 2860 519 2946 πατρός
553 2861 722 2946 δυνήσεται
754 2862 790 2928 τό
819 2867 912 2949 χρέος
938 2861 1185 2945 α’ποδιδόναιδ).
1231 2863 1359 2928 πολλου
1388 2860 1506 2947 χρόνου

397 2966 696 3052 διαδραμόντος,ό
724 2967 891 3053 δανειστής
920 2970 1061 3033 ἐπέκειτο
1089 2967 1127 3032 τὸ
1158 2969 1249 3054 χρέος
1276 2965 1443 3032 ἀπαιτῶν.
1487 2966 1505 3032 ὁ

344 3087 376 3137 25
396 3076 555 3138 Μουόδωο
584 3072 642 3139 οἰοι
666 3074 749 3156 έχων
772 3074 881 3140 πόθεν
908 3072 1084 3160 α’ποδῷῙθ),
1114 3077 1200 3158 (πῶς
1228 3073 1289 3159 γάρ
1317 3073 1504 3151 δπεξοόσιος

397 3177 469 3259 όνς)
494 3179 597 3245 α’νείλε
621 3179 681 3246 τόν
703 3181 818 3246 ἑαυτοῦ
843 3186 978 3268 πατέρα.
1017 3179 1148 3266 ε’γνοόθη
1170 3183 1267 3244 τοῦτο
1291 3190 1328 3270 τῇ
1344 3179 1504 3268 συγκλήτῳ

396 3282 541 3362 κοῖκείνος
564 3288 623 3370 μὲν
639 3288 731 3362 δίκας
748 3287 869 3351 δέδοικε
884 3293 1133 3374 πατροκτονίας,
1158 3285 1263 3371 δόγμα
1282 3287 1319 3351 δέ
1334 3287 1506 3370 λεγόμενον

396 3395 657 3458 Πιουθδουίέιυίοο
684 3394 792 3477 γέγονε
815 3392 852 3457 τό
877 3395 1027 3458 κελευσαν
1054 3394 1177 3478 μηδένα
1205 3394 1398 3468 δανείζοντα
1426 3395 1504 3458 ἕλευ-

397 3499 485 3583 &tot
520 3498 701 3584 όπεξοοσίῳ
734 3499 886 3564 αἰταιτείν
917 3498 954 3567 τὸ
984 3499 1214 3585 δανεισθὲνῑῑ),
1246 3507 1301 3564 ἵνα
1330 3498 1437 3586 τοέτῳ
1465 3508 1506 3584 τῷ

345 3617 379 3669 30
396 3603 510 3690 τρόπῳ
523 3610 654 3680 ἕκαστος
666 3605 769 3682 εἰδὼς,
786 3605 827 3680 τίς
840 3605 880 3669 οδ
887 3607 921 3690 12)
936 3605 1075 3670 δύναται
1090 3605 1271 3691 α’παιτῆσαι
1286 3604 1325 3669 τό
1339 3604 1505 3688 δάνεισμα,

486 3747 507 3814 ¹)
526 3746 539 3801 ί
560 3748 609 3802 οἰκ.
629 3747 654 3800 h.
674 3748 688 3799 l.
709 3763 779 3801 omn.
799 3753 884 3816 praet.
904 3748 938 3800 M.
1138 3748 1160 3806 2’ί
1179 3747 1222 3802 ad.
1242 3763 1276 3800 ex
1295 3747 1329 3800 Μ.
1348 3748 1392 3800 Ιιῦ.
1411 3747 1455 3800 Vi.
1474 3748 1504 3799 R.

398 3835 419 3901 3)
439 3833 452 3888 ό
471 3837 521 3888 ins.
541 3836 583 3889 12¹¹.
603 3837 646 3888 Vi.
666 3837 698 3888 R.
773 3837 796 3904 4)
817 3840 840 3890 δ.
861 3837 904 3892 Vi.
924 3838 956 3889 R.
1055 3837 1077 3890 5)
1097 3839 1127 3892 δὲ
1146 3838 1196 3891 ins.
1216 3837 1260 3889 Vi.
1279 3837 1311 3889 R.
1423 3836 1444 3902 6)
1462 3838 1503 3889 καὶ

397 3926 447 3976 ins.
467 3923 511 3976 Vi.
530 3925 572 3976 1¹¹.
592 3925 625 3977 R.
733 3927 754 3992 7)
774 3924 809 3985 ὠς
827 3925 898 3992 π-ἰγ
917 3925 950 3978 Μ.
1059 3924 1080 3992 8)
1100 3923 1129 3986 δς
1147 3926 1197 3978 ins.
1215 3925 1259 3978 Vi.
1278 3925 1311 3978 R.
1420 3923 1442 3991 ⁹)
1460 3923 1504 3976 R:

398 4017 450 4069 oet.
470 4015 609 4068 -δοῦναι,
768 4013 802 4082 ¹⁰)
820 4017 953 4068 -δοῦναι
971 4015 1026 4066 L¹.:
1047 4012 1083 4067 (ἰν
1102 4013 1148 4068 ἀπ.
1168 4014 1212 4066 Vi.
1231 4014 1264 4066 R.
1422 4014 1455 4077 ¹¹)
1473 4011 1504 4066 τὰ

399 4104 581 4156 δανεισθέντα
600 4101 644 4154 Vi.
664 4103 696 4154 R.
805 4103 838 4169 12)
857 4102 893 4172 μη
913 4102 946 4154 M.
