3154 5338
523 409 864 474 -304-.

93 591 246 657 heredibus
270 594 418 659 concedit.
466 599 497 660 et
520 614 592 689 cum¹
611 594 705 661 hasce
733 597 854 678 priores
877 617 914 663 ex
936 602 1126 664 testamento
1149 617 1200 663 ex·

93 713 264 794 cogitasset,
293 714 334 778 ad
362 733 431 794 ees,
462 733 543 797 quae
572 716 612 780 ab
640 717 791 782 intestato
821 723 1003 799 competunt
1029 717 1198 782 transitum

92 831 162 896 fecit.
206 839 238 898 et
266 835 366 916 primo
395 835 463 899 loco
489 835 813 904 sirisheredibus
843 837 967 917 ethis,
998 837 1051 920 qui
1080 856 1116 902 ex
1143 855 1200 902 auo

91 951 182 1016 edicto
209 953 275 1018 suis
304 953 472 1019 heredibus
500 961 778 1033 connumerantur,
813 955 896 1021 idest
928 956 1034 1022 liberis
1068 957 1201 1021 emanci-

90 1072 173 1153 patis,
196 1072 350 1138 bonorum
372 1074 601 1156 possessionem
623 1074 718 1154 dedit,
742 1093 822 1156 quae
848 1075 971 1140 »unde
992 1055 1233 1140 libericdi-t'r

92 1193 170 1256 citur.
215 1194 385 1258 secundem
407 1194 444 1258 iis
467 1195 521 1276 qui
542 1169 611 1276 lege
642 1194 682 1260 ad
704 1194 911 1260 hereditatem
934 1193 1072 1260 defuncti
1094 1194 1134 1260 ab
1155 1195 1201 1262 in·

93 1317 199 1377 testato
215 1318 371 1378 uocantur
383 1312 535 1378 bonorum
548 1314 776 1396 possessionem
795 1313 917 1378 »unde
932 1313 1130 1395 legitimi«
1150 1313 1201 1378 de-

91 1431 143 1508 dit,
170 1431 271 1496 ueluti
299 1432 458 1513 adgnatis,
489 1433 853 1514 patrono‘eiusdemque
879 1432 985 1498 liberis
1007 1433 1039 1497 in
1061 1432 1144 1498 bona
1165 1433 1201 1498 li-

88 1551 161 1615 berti
175 1551 378 1633 libertateque,
396 1551 516 1634 hisque,
533 1552 586 1633 qui
603 1572 640 1617 ex
655 1553 847 1617 Tertulliano
864 1550 1057 1618 Orfitianoue
1072 1561 1200 1618 senatus

89 1673 230 1738 consultis
256 1674 308 1738 uel
324 1693 359 1738 ex
377 1673 652 1738 constitutionibus
668 1673 872 1738 successionis
894 1673 964 1737 iura
987 1672 1026 1736 ab
1048 1672 1199 1737 intestato
1221 1684 1251 1734 ιο

88 1791 203 1859 habent.
239 1796 365 1860 tertiam
387 1796 541 1862 bonorum
564 1799 792 1879 possessionem
818 1796 941 1862 »unde
964 1797 1093 1862 decem
1115 1816 1200 1878 per-

88 1931 218 1978 sonae«
246 1917 419 1995 constituit,
442 1935 505 1998 qua
521 1917 628 1982 decem
643 1935 794 1998 personas
810 1921 958 1982 extraneo
974 1914 1197 1982 manumissori

87 2032 168 2097 liberi
197 2035 309 2116 cepitis
343 2035 567 2117 anteponebet,
602 2041 749 2118 parentes
778 2035 893 2100 liberos
929 2040 1024 2117 atque
1054 2054 1073 2099 a
1100 2035 1200 2100 latere

87 2159 228 2233 cognatos
259 2173 359 2238 usque
387 2155 428 2219 cd
457 2155 524 2219 Ilum
548 2155 690 2236 gradum.
740 2155 896 2236 quomodo
927 2160 1032 2219 autem
1061 2153 1138 2220 haec
1166 2173 1200 2219 se

86 2271 215 2338 habeant
238 2273 342 2339 dicere
364 2278 498 2356 oportet,
522 2275 666 2356 quamuis
687 2293 749 2339 non
773 2275 906 2357 amplius
929 2279 1133 2356 usurpentur.
1167 2273 1200 2339 Si
1221 2282 1251 2332 15

87 2410 150 2456 cum
171 2367 271 2458 hlium
293 2413 398 2458 meum
420 2394 657 2476 emanciparem,
681 2414 751 2460 eum
774 2395 832 2459 tibi
853 2395 885 2458 in
907 2395 1043 2477 primum
1066 2394 1200 2459 alterum

88 2513 274 2596 tertiumque
289 2515 478 2596 mancipium
494 2515 658 2588 dedissem,
682 2520 781 2597 tuque
803 2534 875 2580 eum
896 2513 1131 2580 manumisisses
1155 2517 1201 2578 at-

14 2629 15 2640 ’
86 2649 140 2712 que
162 2634 210 2700 sui
233 2634 311 2699 iuris
334 2633 503 2714 effecisses,
531 2639 662 2717 propter
689 2634 845 2700 libertatis
875 2633 1034 2698 dationem
1062 2633 1202 2714 legitima

87 2753 312 2832 quodammodo
334 2760 521 2837 patronatus
537 2756 607 2820 iura
622 2755 654 2819 in
677 2773 713 2820 eo
728 2754 881 2836 habebam
904 2758 936 2818 et
958 2753 984 2818 si
999 2752 1082 2817 hunc
1097 2771 1202 2816 eman·
1313 2839 1314 2844 ἵ

87 2872 217 2953 cipetum
234 2874 419 2939 intestatum
436 2874 515 2939 mori
531 2874 721 2955 contigisset,
745 2878 781 2937 tu
801 2871 945 2938 omnibus
968 2873 1035 2938 cius
1058 2871 1200 2953 cognatis
1218 2879 1252 2929 20

86 2993 182 3071 potior
203 2993 381 3074 habebaris,
406 3013 485 3073 cum,
509 3000 546 3059 ut
561 2994 679 3060 dictum
702 2999 758 3073 est,
782 3013 839 3077 per
860 2992 1136 3058 manumissionem
1159 2992 1200 3056 le-

86 3112 188 3190 gitima
211 3119 389 3180 ceterorum
405 3121 610 3196 cognatorum
629 3116 696 3181 eius
713 3115 846 3197 adeptus
863 3133 947 3179 esses
969 3113 1048 3191 iure,
1071 3117 1202 3194 propter

87 3234 191 3314 capitis
216 3233 472 3314 deminutionem,
500 3253 595 3316 quam
621 3253 734 3317 passus
763 3233 876 3299 iuerat.
921 3238 969 3299 set
996 3252 1066 3298 cum
1093 3231 1201 3297 absur-

87 3349 154 3416 dum
177 3357 264 3418 esset
286 3359 318 3418 te
340 3372 396 3435 per
418 3353 516 3418 solam
538 3352 693 3418 libertatis
710 3352 867 3418 dationem
888 3351 1032 3417 omnibus
1048 3351 1115 3416 eius
1131 3367 1201 3431 cog·

141 4309 242 4368 hacope.
258 4314 372 4356 Antecessa
384 4326 427 4355 rec.
442 4311 531 4354 remini.

21 4985 96 5310 ΙΙ
115 5012 120 5310 Ι
139 5000 221 5310 ΙΙΙ
465 5000 469 5006 ι
788 4998 794 5005 ι
1078 4995 1087 5002 ιι

1250 5251 1253 5260 n

797 5299 823 5307 ι.
1032 5302 1044 5304 ..
