3370 5350
598 387 830 452 —213a

164 573 227 640 iure
248 572 386 640 defuncti
408 574 490 642 bona
512 574 669 658 consequi,
693 575 720 640 si
743 573 952 658 consaguinea
967 581 1059 654 esset,
1082 573 1165 642 idest
1179 593 1282 644 soror:

165 693 188 758 si
209 711 283 758 uero
302 694 398 758 amita
421 701 504 760 esset
526 693 576 760 uel
599 693 707 759 fratris
729 692 802 773 filia,
826 695 978 776 nequibat
999 700 1036 760 ut
1056 696 1194 778 adgnata
1215 715 1284 764 suc·

118 841 122 848 ·
164 812 282 895 cederc;
311 813 435 878 omnino
465 813 546 878 enim
576 813 656 878 scire
689 813 785 878 debes
818 812 958 880 feminini
987 833 1080 880 sexus
1107 833 1282 898 personam,

163 950 238 1014 quae
260 931 560 1014 consanguineitatis
582 935 718 1014 gradum
748 935 963 1008 transcendat,
991 935 1191 1018 adgnationis
1213 935 1283 1004 iure

162 1053 363 1120 hereditatem
387 1073 446 1119 non
471 1073 590 1136 capere.
635 1053 663 1120 si
685 1071 765 1119 uero
793 1053 907 1120 femina
929 1062 1052 1122 mortua
1075 1057 1132 1135 sit,
1163 1075 1283 1124 mescu·
1316 1057 1333 1109 ὅ

163 1173 208 1238 lus
229 1179 335 1238 autem
358 1174 398 1238 ad
422 1175 488 1240 eius
511 1179 641 1240 uocetur
669 1175 877 1242 hereditatem
908 1176 977 1242 siue
1004 1173 1074 1238 111⁰
1102 1177 1170 1242 siue
1198 1174 1284 1240 ΠΠο

161 1294 224 1358 siue
253 1291 299 1355 V⁰
328 1293 371 1358 sit
402 1293 519 1376 gradu,
553 1295 753 1376 adgnationis
781 1295 849 1361 iure
881 1295 1085 1362 hereditatem
1112 1295 1206 1378 capit.
1257 1297 1283 1360 si

161 1409 265 1478 fratris
289 1413 341 1478 uel
363 1414 468 1493 patrui
491 1413 551 1478 mei
574 1411 656 1490 filia,
685 1421 742 1479 aut
769 1415 796 1479 si
825 1415 922 1480 amita
949 1421 1073 1480 mortua
1100 1420 1165 1495 est,
1196 1415 1284 1480 uelut

163 1530 317 1612 adgnatus
346 1551 404 1613 ego
434 1531 639 1598 hereditatem
670 1533 846 1612 capiebam3
879 1533 907 1598 si
941 1551 1018 1598 uero
1051 1553 1108 1616 ego
1141 1539 1283 1600 mortuus

160 1668 275 1730 essem,
311 1652 398 1734 ipsae
419 1653 618 1733 adgnationis
651 1653 719 1717 iure
745 1671 844 1718 meam
878 1671 940 1718 non
974 1653 1103 1718 adibant
1129 1653 1284 1718 heredita·
1304 1660 1334 1712 ¹⁰

160 1778 226 1836 tem.
276 1772 366 1850 Quae
388 1772 433 1837 ita
455 1791 525 1838 sese
548 1771 718 1847 habebant,
741 1792 809 1838 cum
833 1773 1022 1856 reipublicae
1044 1772 1152 1838 utilius
1180 1774 1283 1838 uisum

160 1898 239 1956 asset
254 1891 415 1958 masculos
437 1892 632 1976 frequentius
647 1910 739 1974 quam
756 1893 887 1958 feminas
902 1893 943 1958 ad
958 1891 1150 1958 hereditates
1165 1893 1283 1958 uocari:

159 2010 346 2092 reipublicae
358 2013 441 2078 anim
456 2013 585 2079 masculi
600 2012 787 2091 inseruiunt,
804 2031 873 2080 cum
891 2012 963 2078 belli
977 2016 1045 2078 tum
1060 2013 1090 2078 iu
1102 2011 1283 2078 muneribus

158 2140 188 2198 et
202 2133 449 2214 magistratibus.
473 2141 520 2198 set
538 2151 608 2198 cum
625 2133 795 2200 absurdum
808 2138 985 2215 reputatum
999 2133 1039 2198 sit
1051 2149 1104 2198 eas
1116 2131 1148 2197 in
1160 2132 1284 2197 uniuer-

158 2269 223 2318 sum
239 2271 258 2318 a
275 2252 475 2318 morientium
491 2254 688 2319 successione
705 2255 860 2318 extraneis
875 2251 993 2318 similos
1016 2252 1133 2332 repelli,
1155 2258 1283 2334 praetor
1302 2264 1332 2316 15

158 2373 334 2438 naturalem
359 2372 529 2454 respiciens
545 2375 735 2455 aequitatem
751 2373 901 2438 bonorum
923 2371 1151 2454 possessionem
1170 2373 1281 2436 »unde

157 2492 348 2574 cognati«
374 2493 450 2572 ipsis
472 2491 629 2572 pollicitus
659 2499 727 2558 est:
763 2511 799 2557 en
831 2511 868 2556 ea
898 2511 1008 2574 nempe
1034 2497 1124 2574 parte
1152 2507 1206 2556 eas
1229 2509 1283 2556 uo·

157 2629 243 2686 cans,
275 2628 339 2692 qua
371 2611 513 2692 cognatis
537 2612 576 2676 ad
600 2610 829 2677 successionem
851 2609 891 2676 ab
906 2611 1055 2674 intestato
1070 2609 1188 2676 aditum
1210 2628 1281 2676 cou-

158 2731 267 2806 cessit,
304 2731 338 2796 id
372 2739 420 2796 est
453 2749 522 2796 cum
556 2747 657 2812 neque
690 2731 844 2811 adgnatos
866 2729 949 2796 ullus
981 2747 1082 2810 neque
1114 2728 1282 2810 proximior

155 2855 308 2934 cognatus
330 2849 535 2916 inueniretur.
1299 2859 1333 2912 20

117 2987 156 3040 aa.
244 2970 301 3034 3⁸»
332 2969 421 3048 Quod
455 2977 559 3036 autem
593 2970 683 3035 nobis
714 2969 830 3034 dictum
861 2976 910 3034 est
937 2968 1059 3034 leminis
1086 2967 1282 3048 adgnationis

156 3090 222 3156 iure
245 3091 374 3156 succedi
397 3107 498 3170 posse,
522 3107 583 3153 non
607 3091 692 3171 ipsas
715 3108 790 3157 uero
806 3089 982 3166 succedere,
1005 3089 1032 3153 si
1048 3086 1281 3169 consanguinei-

156 3209 229 3275 tatis
251 3209 388 3292 gradum
411 3209 475 3274 sint
496 3216 759 3292 praetergressae
782 3227 842 3274 non
866 3215 915 3274 est
936 3207 1004 3290 lege
1025 3205 1088 3272 XIl
1104 3207 1281 3272 tabularum

157 3330 375 3398 constitutum.
419 3329 469 3394 lex
496 3330 577 3394 enim
605 3326 669 3392 XII
697 3327 873 3394 tabularum
901 3325 1130 3409 simplicitatem
1160 3325 1281 3408 legibus

158 3450 289 3515 amicam
311 3447 454 3532 amplexa
468 3446 561 3514 simili
577 3447 668 3513 modo
684 3463 790 3513 omnes
806 3448 962 3528 adgnatos
978 3453 1009 3513 at
1024 3445 1283 3528 adgnatasouius-
1299 3463 1335 3515 aa

157 3585 291 3652 cumque
303 3569 421 3650 gradus
433 3569 472 3634 ad
488 3567 722 3634 similitudinem
738 3585 866 3634 suorum
882 3565 1033 3632 heredum
1047 3565 1087 3631 ad
1102 3564 1218 3632 mortui
1229 3583 1281 3630 uo·
