3154 5338
818 395 1052 462 -324-

376 581 439 650 δώ)
460 580 670 670 Ἐπηρώτησιί
682 605 746 645 τινα
765 580 874 658 οὕτως.
911 582 1132 664 ιὸμολαγεῖς
1152 580 1301 644 διδόναι
1316 601 1382 666 μοι
1403 580 1482 645 δέκα
1496 591 1515 643 3.

378 685 592 772 νομίσματα
613 686 751 773 ἐτήσια
771 685 904 773 μέχρις
922 682 964 747 οὔ
980 685 1067 758 ζῶμ
1093 683 1254 771 ἡτοιαύτη
1271 683 1482 772 ἐπερώτησις)

377 787 459 873 ρὸτυ
481 787 577 853 ἐστίν·
601 786 746 852 ἐντεῦθεν
769 788 829 873 γὰρ
851 785 911 873 ήδη
935 785 1021 869 τοῦδ)
1046 787 1171 872 πρώτου
1200 785 1341 850 ἐνιαυτοῦ
1364 786 1484 852 δυνατόν

376 889 523 974 γενέσθαι
545 893 599 978 τήν
622 891 791 978 ἀπαίτησιν,
814 889 879 954 ἐστί
900 889 968 972 δέῖ)
992 891 1039 952 καί
1057 889 1244 972 perpetem&
1265 888 1367 954 οάδενῖ
1384 891 1483 979 χρόνῳ

343 1003 360 1055 5
383 994 592 1080 σβεννυμένη·
617 995 805 1080 πρόσκαιρος
827 995 888 1078 γὰρ
916 992 1110 1079 ἐπερώτησις
1132 993 1168 1055 οὐ
1190 992 1318 1056 δύναται
1338 993 1484 1074 γενέσθαι,

379 1095 443 1160 οἷον
459 1095 506 1159 ἵνα
522 1095 615 1160 εἴπω·
642 1096 871 1180 »ὁμολογεῖς
892 1095 1047 1160 διδόναι
1067 1120 1131 1176 μοι
1157 1095 1253 1159 δέκα
1277 1095 1486 1181 νομίσματα

377 1196 455 1274 ἕως
478 1197 569 1262 δέκα
592 1198 812 1277 ἐνιαυτῶν;ι
839 1197 990 1262 τουτέστιν
1012 1198 1061 1262 ἵνα
1076 1197 1112 1261 εί
1134 1199 1191 1282 μέν
1212 1197 1285 1263 είσω
1302 1200 1396 1280 τώνί)
1419 1199 1486 1262 δέκα

378 1303 525 1368 ἐνιαυτῶν
548 1301 708 1387 ἀπαιτήσω
733 1325 770 1366 σε
793 1299 856 1390 ἐχω
880 1299 992 1365 ταῦτα·
1015 1302 1043 1365 ελ
1064 1301 1101 1365 δὲ
1124 1301 1265 1388 παρέλὸη
1284 1301 1486 1389 ήδεκαετίαί)

378 1407 427 1469 καί
447 1407 491 1492 μή
514 1404 673 1492 ἀπαιτήσω
696 1427 733 1467 σε
755 1403 803 1467 ἵνα
826 1403 1045 1490 ἀποσβεσὸῇῖ)
1068 1405 1087 1490 ή
1105 1405 1223 1492 ἀγωγή.
1255 1399 1345 1481 Ὦςτε
1361 1403 1416 1468 οὖν
1432 1406 1487 1492 διη-

329 1522 363 1574 10
384 1505 474 1595 νεκής
497 1508 577 1571 ἐστιν
599 1508 619 1592 ή
640 1507 747 1592 ἀγωγή
764 1506 812 1569 ἐπὶ
827 1511 881 1592 τῆς
896 1505 1125 1592 ἐπερωτήσεως
1139 1510 1194 1592 τής
1210 1507 1378 1594 λεγούσης·
1407 1507 1488 1571 »δώ-

376 1635 458 1689 σεις
485 1607 618 1696 ἐτήσια
647 1608 746 1673 δέκα
769 1609 992 1694 νομίσματα
1019 1608 1089 1684 ἐως
1119 1607 1163 1672 οὔ
1193 1609 1278 1690 ζώ;ι
1310 1609 1365 1672 ἐάυ
1386 1609 1424 1674 δέ
1445 1611 1488 1692 ὁὸ)

376 1714 495 1800 [μέν9))
518 1712 724 1801 ἐπερωτήσας
747 1714 927 1800 τελευτήοη,
953 1714 970 1774 ὁ
992 1711 1028 1775 δὲ
1044 1711 1236 1798 κληρονόμος
1250 1709 1346 1775 αὐτοῦ
1361 1715 1428 1800 κινή
1442 1713 1489 1798 τήν

377 1837 416 1882 ex
444 1816 617 1899 stipulatu,
651 1821 712 1879 τῶν
742 1817 822 1902 μετὰ
858 1817 953 1904 τήνω)
981 1817 1126 1902 τελευτὴν
1153 1819 1206 1879 τοῦ
1235 1814 1491 1903 ἐπερωτήσαντος

377 1921 561 2006 δραμόντων
585 1918 777 2003 ἐνιαυτώνῃ)
794 1920 931 1983 ἀπαιτῶν
948 1919 1000 2005 τήν
1017 1919 1181 2006 ποσότητα,
1204 1918 1386 2001 ἐκβάλλεται
1401 1919 1492 2003 ρὸυλυ

329 2036 360 2087 15
380 2029 590 2111 παραγραφή,
621 2025 666 2099 ὡς
695 2023 753 2087 ὁπὸ
782 2023 897 2109 αἵρεσιν
927 2024 1174 2108 ἐπερωτώμενος
1202 2021 1300 2109 τήνῐῖ)
1327 2021 1429 2097 νέως
1454 2019 1491 2086 οὸ

378 2125 467 2202 ζώι.
512 2130 603 2190 τοῦτο
626 2128 686 2214 γὰρ
711 2127 848 2216 παρέσχε
870 2129 982 2216 χώραν
1011 2131 1048 2215 τῇ
1077 2127 1133 2191 τοῦ
1161 2125 1259 2210 ρὸυὸυ
1289 2129 1490 2213 παραγραφή.

377 2230 407 2293 4.
432 2224 470 2292 Ἡ
493 2229 551 2292 ὑπὸ
582 2229 745 2316 αἵρεσινέῖ)
773 2230 964 2317 ἐπερώτησις
993 2231 1181 2310 συνίσταται,
1210 2230 1304 2294 ὁπότε
1332 2231 1377 2306 εἰς
1405 2229 1492 2317 τύχην
1506 2241 1525 2290 4,

377 2331 569 2418 ἀναφέρεται
591 2333 610 2417 ι)
634 2331 734 2420 ἐνοχή,
757 2332 815 2412 ἵνα,
845 2333 901 2398 ἐοίν
922 2357 951 2398 τι
971 2334 1094 2420 γένηται
1118 2333 1137 2420 ή
1157 2336 1200 2419 μή
1223 2333 1348 2421 γένηται
1372 2332 1493 2418 ἁρμόση

367 2435 397 2520 ή
414 2434 616 2522 ἐπερώτησις,
633 2435 711 2499 οἷον·
739 2437 964 2520 »ὁμολογεῖς
986 2435 1143 2500 διδόναι
1162 2459 1227 2519 μοι
1242 2435 1356 2500 πέντε
1373 2434 1495 2520 νομίσ-

325 2552 478 2623 κοματα
497 2529 612 2624 Ιέιίν14)
636 2540 757 2607 Titios
781 2541 930 2617 ὕπατος
951 2541 1199 2626 γένηταιςιῑί)
1226 2538 1245 2626 ή
1271 2539 1495 2624 »ὁμολογεῖς

339 2647 345 2656 ’
376 2640 527 2706 διδόναι
547 2668 614 2726 μοι
636 2648 654 2708 ἑ
675 2644 744 2708 ἐὰν
766 2645 784 2707 ὁ
807 2643 935 2710 Titios
954 2641 1392 2730 ὁπατοςμήγένηταιςι.
1429 2639 1495 2704 Ἐὰν

376 2766 420 2819 τις
443 2745 543 2820 οὕτως
562 2746 777 2834 ἐπερωτήσηι.
817 2745 900 2810 Ἐὰν
921 2747 970 2832 μή
993 2745 1149 2810 ἀνέλὸω
1171 2745 1227 2821 είς
1249 2747 1290 2806 τὸ
1313 2743 1496 2808 Καπετώ-

376 2848 501 2931 houm)
535 2846 680 2922 δώσεις
711 2873 778 2934 μοι
812 2848 925 2912 πέντε
960 2848 1210 2932 νομίσματαςι
1243 2845 1345 2922 οὸτως
1373 2845 1496 2930 ἐστινή

377 2948 585 3038 ἐπερώτησις,
609 2951 714 3036 ὥςπερ
738 2953 765 3014 ελ
787 2950 975 3036 ἑπερωτησιί
995 2973 1046 3015 σε·
1078 2951 1314 3032 ιὸμολογεῖς
1336 2949 1496 3014 διδόναι

326 3071 358 3123 25
375 3075 443 3136 μοι
466 3053 584 3116 πέντε
608 3053 846 3140 νομίσματα,
869 3053 1074 3137 ὁτεμέλλω
1092 3054 1322 3134 τελευτᾶν;ι
1347 3055 1422 3119 τότε
1437 3055 1495 3137 γὰρ

376 3155 429 3217 ὁτε
449 3156 553 3239 μέλλω
578 3156 721 3220 τελευτᾶν
730 3157 767 3239 17)
791 3156 933 3244 ἐδείχὸη,
964 3158 1010 3220 ὁτι
1032 3157 1131 3220 οδκέτι
1154 3157 1324 3245 ἀνέρχομαι
1345 3157 1439 3239 ew)
1463 3158 1495 3219 τό

256 3332 259 3338 ,
377 3257 589 3342 Καπετώλιον,
621 3260 727 3347 ἐπειδὴ
757 3260 949 3347 ὁσοςδήπυτε
978 3262 1095 3350 χρόνος
1128 3260 1165 3324 ἀν
1200 3260 1342 3346 παρέλὸη
1371 3258 1451 3346 ἐμοῦ
1461 3260 1497 3342 ¹⁹)

377 3431 579 3444 *—

444 3568 467 3632 1)
489 3567 533 3618 καί
550 3566 653 3621 ommisi
671 3581 731 3620 cum
749 3565 791 3622 Vi.
810 3567 843 3622 R.
916 3565 939 3636 ἵ)
957 3565 1043 3620 καὶ).
1113 3567 1136 3635 ³)
1154 3567 1171 3636 ή
1189 3567 1258 3637 αὐτ)
1276 3568 1319 3623 οδ.
1338 3567 1384 3623 Ιώ.
1403 3568 1448 3623 Vi.
1466 3569 1498 3624 R.

375 3648 477 3720 4)’ήτοι
495 3653 630 3722 διηνεκτές
647 3653 690 3708 ad.
708 3653 751 3708 vi.
768 3651 800 3706 R.
882 3654 906 3719 ὅ)
924 3652 949 3708 ἀ,
970 3651 1002 3706 V.
1087 3653 1110 3720 ⁶)
1129 3653 1208 3714 δεκᾱς
1226 3651 1268 3706 vi.
1286 3652 1317 3708 R.
1410 3656 1435 3723 7)
1454 3655 1498 3720 σβ.

376 3735 419 3790 Vi.
436 3735 466 3791 R
572 3740 596 3802 8)
613 3739 638 3792 ἀ.
658 3739 691 3792 V.
793 3739 817 3804 ⁹)
834 3737 933 3792 addidi.
1036 3740 1071 3805 ¹⁰)
1090 3737 1114 3792 d.
1132 3737 1175 3794 vi.
1194 3738 1226 3794 R.
1324 3741 1362 3805 11)
1380 3737 1497 3795 υυα,“δ’

376 3821 479 3875 ommisi
498 3837 532 3878 ex
550 3826 585 3894 ο).
602 3825 634 3880 R.
738 3824 774 3892 ¹²)
795 3838 845 3878 scr.
864 3839 924 3878 cum
947 3824 989 3876 [ὁ.
1009 3821 1050 3876 Vi.
1069 3822 1115 3878 R.:
1133 3831 1183 3879 cet.
1203 3825 1243 3878 τὸ.
1347 3826 1384 3892 1θ)
1410 3827 1437 3882 d.
1457 3825 1496 3880 M.

376 3909 411 3974 ¹⁴)
429 3911 444 3961 ὁ
462 3909 504 3964 ad.
523 3910 565 3964 vi.
583 3910 615 3965 R.
708 3912 743 3978 1ὁ)
760 3913 777 3981 λ)
795 3911 833 3980 μὴ
851 3911 974 3980 γίνηται,
996 3908 1092 3964 deletis
1109 3911 1205 3964 ceteris
1223 3911 1264 3964 vi.
1283 3909 1316 3964 R.
1333 3909 1382 3980 “μν)
1401 3912 1461 3980 γέν.
1479 3912 1496 3980 ἢ

374 3993 438 4063 γέν]
458 3995 501 4050 Ιιθ.
573 3997 713 4062 1⁶)1amr.
734 3997 774 4050 vi.
793 3995 824 4049 R.
900 3997 933 4060 ι7)
952 3996 1017 4048 τότε
1032 4027 1064 4036 -
1077 3996 1132 4049 τελ.
1145 3997 1170 4049 d.
1184 3997 1220 4050 M.
1234 3997 1266 4050 V.
1280 3995 1322 4050 L2.
1395 3996 1434 4066 18)
1456 3998 1499 4050 ἐπί

377 4077 417 4134 vi.
436 4079 468 4134 B.
543 4083 579 4148 1⁹)
595 4098 648 4146 μου
666 4081 705 4135 Μ.

443 4193 470 4261 α)
488 4191 575 4247 Sehol.
598 4195 655 4248 Bas.
675 4192 710 4262 11,
733 4197 787 4248 143.
