3298 5322
585 405 826 470 „422-

146 581 274 662 similis,
318 600 399 662 qnae
435 581 470 644 in
513 580 764 663 argentmiorum
801 581 937 663 receptis
974 581 1077 646 locum
1116 582 1264 648 habebat

143 705 178 768 id
204 724 281 770 nero
310 705 391 770 inter
417 705 620 788 recepticiam
648 711 680 769 et
707 705 860 788 pecuniae
889 705 1080 771 constitutae
1109 707 1264 772 actionem

144 849 308 894 commune
337 836 398 912 est,
424 829 509 910 quod
535 834 668 909 utraque
695 849 735 894 ex
762 829 930 894 constituto
956 829 1109 912 nescitum
1134 850 1171 895 eo
1188 851 1263 896 uero

143 953 302 1036 differunt,
327 954 412 1035 qnod
426 955 581 1037 pecuniae
597 955 787 1020 constitutae
812 955 894 1020 actio
919 961 1029 1020 contra
1053 976 1186 1038 omnem,
1211 956 1265 1038 qui

146 1078 229 1142 diem
258 1079 467 1160 constitnerit,
496 1079 599 1144 locum
626 1079 735 1160 habet,
764 1079 935 1164 receptieia
964 1085 1068 1144 autem
1092 1080 1125 1144 in
1153 1101 1264 1163 argen-
1301 1095 1316 1147 5

144 1202 260 1266 tarium
283 1203 508 1268 tantummodo.
555 1209 603 1268 set
626 1204 704 1268 illud
727 1203 822 1268 etiam
838 1203 977 1285 interest,
1003 1204 1088 1285 qnod
1109 1206 1263 1286 pecuniae

142 1327 335 1391 constitutae
360 1327 442 1391 actio
466 1333 538 1392 tunc
566 1328 668 1392 locum
691 1329 801 1408 habet,
830 1347 900 1392 cum
928 1347 967 1391 ea
996 1327 1166 1392 constituta
1193 1329 1263 1410 sint,

141 1469 227 1531 qnae
250 1451 391 1534 pondere
414 1471 543 1516 numero
566 1471 755 1516 mensuraue
771 1457 929 1533 constant3
954 1451 1126 1534 recepticia
1146 1457 1261 1534 antem,

143 1575 382 1656 qualiscumque
414 1595 465 1640 res
497 1576 661 1658 debeatur,
696 1576 763 1640 siue
791 1575 916 1640 mobilis
944 1575 1011 1640 siue
1041 1576 1114 1658 soli,
1142 1577 1263 1641 intendi

139 1705 254 1782 potest.
299 1700 453 1782 pecuniae
476 1700 573 1782 igitur
596 1700 783 1764 constitutae
808 1701 889 1764 actio
913 1699 1007 1763 latior
1034 1706 1083 1764 est
1113 1701 1197 1781 quod
1221 1701 1263 1764 ad
1283 1714 1316 1767 10

140 1844 305 1906 personas,
332 1845 406 1888 nam
430 1824 572 1905 quolibet
595 1825 802 1890 constituente
830 1825 933 1888 locum
960 1824 1070 1906 habet,
1100 1825 1263 1907 angustior

141 1968 218 2013 uero
243 1949 327 2030 quod
355 1948 398 2012 ad
423 1969 489 2030 res;
525 1970 598 2014 nam
629 1969 668 2014 ea
696 1949 797 2013 solum
825 1949 972 2013 constitui
999 1955 1145 2032 possunt,
1180 1968 1261 2030 quae

141 2074 283 2157 pondere
311 2093 440 2138 numero
469 2093 615 2138 mensura
644 2079 796 2138 constant.
850 2074 1061 2156 recepticio
1089 2079 1194 2138 autem
1222 2093 1262 2138 ex

143 2197 271 2263 diuerso
296 2199 460 2280 angustior
488 2199 644 2278 estquod
671 2199 713 2262 ad
740 2217 907 2282 personas,
938 2219 1007 2263 cum
1035 2199 1147 2263 eadem
1175 2199 1260 2262 solus

142 2323 343 2405 argentarius
367 2329 525 2404 teneatur,
550 2322 645 2387 latior
667 2343 752 2404 uero,
778 2323 861 2404 qnod
884 2323 925 2386 ad
948 2343 1013 2404 res,
1038 2323 1143 2388 omnia
1167 2323 1313 2404 enim,15

141 2467 225 2529 quae
256 2447 422 2528 debentur,
452 2447 484 2510 in
512 2439 552 2511 ea
580 2447 784 2512 continentur,
830 2453 878 2512 set
905 2449 984 2511 haec
1013 2448 1139 2527 quidem
1170 2447 1258 2510 olim:

141 2571 324 2636 constitutio
348 2578 453 2636 autem
477 2572 593 2656 prodiit
608 2573 758 2656 principis
774 2572 883 2653 nostri,
909 2591 972 2654 qna
996 2578 1121 2636 cautum
1145 2577 1201 2653 est,
1225 2577 1260 2634 nt

139 2703 173 2761 et
197 2697 230 2760 in
253 2697 467 2778 argentarium
496 2702 528 2760 et
554 2695 588 2760 in
616 2696 787 2776 quemlibet
815 2695 910 2758 alium
938 2695 1178 2760 constituentem
1206 2715 1259 2778 pe-

141 2821 256 2885 cuniae
281 2821 467 2884 constitutae
492 2821 574 2885 actio
598 2821 667 2884 sola
695 2825 900 2903 competeret,
928 2819 1100 2902 recepticio
1123 2820 1257 2885 sublata.

138 2966 214 3009 nam
239 2965 308 3009 cum
331 2945 455 3028 plenior
477 2945 562 3010 circa
584 2965 636 3009 res
661 2949 745 3009 esset
766 2944 951 3027 recepticia,
980 2943 1013 3007 id
1036 2945 1077 3007 ad
1104 2945 1258 3028 pecuniae
1278 2954 1312 3007 20

139 3069 328 3135 constitutae
353 3069 510 3134 actionem
533 3069 700 3133 transtulit.
745 3069 853 3150 itaque
881 3069 975 3133 hodie
1003 3069 1158 3151 pecuniae
1187 3089 1259 3133 con-

138 3193 269 3258 stitutae
293 3195 376 3258 actio
400 3194 433 3258 in
457 3194 600 3260 omnibns
629 3194 890 3259 constituentibus
919 3194 1021 3258 locum
1049 3194 1145 3259 habet
1173 3199 1204 3257 et
1226 3193 1259 3258 in

138 3319 224 3384 omni
246 3339 291 3397 re,
317 3339 398 3399 qnae
418 3317 578 3383 debeatur.
624 3318 792 3401 Proposuit
810 3337 936 3400 quoqne
951 3323 1079 3402 praetor
1102 3318 1258 3382 actionem

136 3443 183 3508 de
217 3443 367 3525 peculio
403 3443 557 3508 aduersus
590 3449 711 3526 patrem
746 3443 945 3508 dominumue
981 3463 1089 3508 eorum
1121 3443 1256 3525 nomine,
1368 3459 1385 3486 ⁰

141 3588 224 3649 qnae
248 3587 318 3631 cum
341 3568 443 3633 seruis
466 3568 518 3632 nel
535 3567 747 3632 filiisfamilias
767 3575 858 3649 gesta
874 3573 954 3632 sunt.
991 3567 1161 3650 Proposuit
1183 3567 1258 3632 item
1277 3575 1310 3628 25

138 3693 296 3756 actionem
319 3691 356 3755 in
383 3693 536 3773 factum,
566 3711 647 3773 qnae
675 3691 708 3756 in
736 3691 889 3756 eiusmodi
917 3711 993 3756 casu
1020 3691 1124 3756 locum
1151 3693 1256 3756 habet.

138 3817 166 3881 si
188 3837 209 3880 a
232 3823 264 3881 te
288 3817 427 3881 debitum
450 3822 571 3899 petam,
600 3821 634 3879 tu
662 3822 766 3880 autem
793 3835 892 3898 neges
915 3822 946 3881 te
970 3816 1003 3880 id
1025 3816 1102 3880 mihi
1129 3816 1255 3896 debere,

136 3945 168 4005 et
192 3941 407 4004 iusiurandum
430 3941 507 4005 mihi
530 3939 670 4022 deferas,
700 3960 760 4023 ego
788 3960 863 4004 nero
892 3941 1005 4022 iurem,
1035 3960 1074 4005 ex
1101 3941 1161 4004 hcc
1186 3941 1256 4024 ipso

140 4065 343 4130 iureiurando
368 4065 451 4130 actio
475 4066 508 4128 in
530 4065 647 4130 factum
669 4065 746 4130 mihi
762 4065 895 4130 dabitur.
934 4072 966 4130 et
982 4065 1063 4129 alias
1080 4065 1256 4148 complures

102 4201 126 4252 9.
141 4189 283 4254 actiones
313 4195 440 4272 praetor
469 4190 648 4254 introduxit.
695 4193 724 4256 9.
747 4189 905 4254 Pecuniae
935 4199 1038 4254 autem
1067 4189 1256 4254 constitutae
1276 4195 1311 4249 30
