3328 5318
566 363 806 426 „440-

138 546 310 622 praestare.
368 539 443 619 quin
477 537 571 604 etiam
605 537 679 602 linet
708 537 893 602 uilissimum
923 537 972 618 sit,
1008 536 1092 616 quod
1123 536 1248 619 petitur,

130 663 333 728 nihilominus
358 663 457 727 etita
482 661 665 745 euterpius
688 661 775 744 petit.
821 660 991 741 eliqusnde
1015 660 1096 726 subn
1125 660 1248 742 eneidit,

131 794 166 852 ut
185 787 274 869 quod
295 787 360 852 uile
384 801 456 852 esse
480 792 607 870 putetur
634 786 792 851 difficilius
814 805 888 850 reus
912 785 1035 850 soluere
1062 785 1170 868 possit.
1215 791 1249 849 ut

131 931 218 976 enee:
242 911 334 976 uerbi
359 909 466 994 gratie
490 911 627 975 omnium
649 911 791 975 uiuorum
816 915 864 974 est
888 929 1058 992 campanus
1079 909 1247 992 pessimus,

131 1036 168 1117 si,
182 1056 252 1102 eum
265 1035 458 1118 generaliter
470 1035 528 1101 sim
541 1033 717 1118 stipulatae,
735 1034 915 1118 specialiter
930 1054 1115 1117 campanum
1132 1041 1247 1117 petam,
1286 1049 1301 1098 5

129 1161 203 1225 ideo
226 1161 297 1243 plus
320 1165 408 1244 peto,
445 1160 520 1242 quia
542 1160 697 1224 interdum
726 1159 926 1224 aduersarius
953 1158 1114 1222 meliorem
1142 1157 1248 1222 uinum

130 1285 256 1350 facilius
280 1285 405 1350 soluere
433 1285 549 1368 possit,
578 1303 672 1366 quem
701 1304 901 1367 campanum,
931 1303 1001 1347 oum
1028 1283 1095 1348 eius
1124 1283 1248 1365 copiam

49 1417 114 1471 330.
129 1428 192 1473 non
226 1410 350 1473 habeat.
407 1411 482 1476 33e.
507 1408 563 1472 Set
594 1409 673 1472 been
708 1407 833 1489 quidem
866 1408 905 1471 de
938 1409 1010 1491 plus
1044 1406 1247 1490 petitionibus

130 1533 280 1598 antesin
303 1553 361 1597 usu
384 1533 523 1614 fuerunt3
547 1539 659 1616 postea
682 1538 786 1598 sutem
809 1532 943 1596 Zenonis
967 1532 1060 1596 diune
1076 1531 1246 1595 memoriae

131 1658 311 1723 constitutio
335 1677 392 1722 nee
416 1677 480 1722 nen
503 1657 654 1741 principis
670 1657 770 1722 nostri
792 1657 844 1721 lex
866 1663 966 1720 tetum
981 1656 1040 1720 hoo
1056 1655 1104 1720 ius
1121 1655 1160 1719 de
1176 1655 1246 1738 plus
1267 1667 1300 1718 10

129 1783 333 1865 petitionibus
366 1789 596 1848 coartauerunt.
649 1789 680 1847 et
715 1783 742 1846 si
776 1781 846 1862 quis
879 1787 1021 1864 tempore
1055 1780 1125 1863 plus
1159 1779 1246 1862 petit,

130 1907 225 1972 iudex
247 1927 313 1972 rem
338 1907 467 1974 definire
491 1908 594 1990 debet,
618 1908 710 1972 sicuti
732 1905 867 1972 Zenonis
890 1905 1027 1987 loquitur
1050 1904 1244 1985 constituti03

129 2032 180 2096 sin
203 2038 308 2096 autem
329 2033 507 2112 quontitate
530 2033 582 2096 uel
604 2032 668 2096 alie
691 2031 784 2096 modo
807 2031 878 2114 plus
901 2029 1010 2112 petitio
1034 2027 1244 2110 committitur,

129 2163 162 2220 et
184 2155 332 2220 damnum
355 2156 428 2220 iude
451 2156 531 2220 forte
546 2176 601 2220 reo
624 2155 741 2220 eooidit
764 2155 874 2236 (ueluti
890 2154 917 2218 si
932 2154 1069 2218 maiores
1085 2152 1245 2236 sportulae

129 2280 256 2361 dentur,
280 2281 326 2344 uti
352 2280 496 2364 superins
522 2280 679 2364 diximus),
703 2279 736 2343 in
761 2279 889 2362 triplum
910 2279 986 2354 eius,
1010 2278 1042 2341 in
1064 2297 1126 2359 quo
1154 2291 1297 2342 seeus15

73 2417 167 2470 edan
191 2405 299 2469 debuit
320 2422 392 2469 reus
416 2405 522 2469 laesus
546 2405 595 2486 sit,
619 2410 706 2469 aeter
729 2399 994 2468 condemnabitur.
1034 2403 1084 2468 34.
1109 2393 1243 2477 Quidam

127 2549 251 2594 meeum
267 2549 366 2612 egens
389 2529 508 2593 minus
532 2527 658 2612 petiit:
683 2549 756 2592 nam
773 2548 842 2592 num
867 2527 899 2591 ei·
913 2526 1021 2590 deeem
1045 2526 1242 2606 deberentur,

128 2655 265 2736 quinque
288 2655 392 2738 petiit:
418 2661 472 2718 aut
495 2674 565 2718 eum
587 2653 676 2718 fundi
692 2674 712 2718 a
726 2673 776 2718 me
792 2652 933 2736 possessi
955 2648 1136 2716 insolidum
1160 2656 1244 2715 esset

128 2779 282 2860 domiuus,
307 2779 346 2844 de
371 2786 461 2862 parte
486 2777 616 2844 dimidie
638 2778 842 2843 intentionem
865 2776 1017 2859 oonoepit.
1063 2775 1180 2840 nullum
1205 2795 1244 2840 ex

126 2925 168 2968 es
195 2923 230 2968 re
258 2904 433 2987 perieulum
462 2904 492 2968 ei
520 2903 650 2968 orietur:
682 2923 756 2966 nam
790 2902 822 2966 in
856 2901 1010 2982 reliquum
1043 2900 1243 2965 nihilominus
1263 2912 1297 2962 20

127 3029 223 3106 iudex
245 3049 295 3092 me
318 3028 548 3104 eoudemnebit,
573 3027 665 3092 sieuti
687 3025 850 3111 praedinte
864 3025 1000 3091 Zenouis
1024 3024 1242 3090 constitutione

70 3172 116 3224 35.
129 3159 268 3218 eauetur.
315 3156 365 3219 35.
390 3151 425 3216 Si
448 3150 517 3233 quis
542 3151 628 3215 eliud
654 3171 712 3235 pro
741 3151 803 3215 alio
828 3171 936 3215 errans
959 3149 1062 3232 petiit,
1090 3147 1243 3213 eiusmodi

129 3298 217 3342 error
245 3277 274 3341 ei
302 3275 407 3341 fraudi
441 3296 504 3341 nou
539 3277 605 3341 erit.
651 3297 724 3340 nam
747 3277 779 3340 in
812 3276 922 3340 eodem
954 3273 1079 3356 iudieio,
1115 3273 1243 3356 cognite

126 3403 270 3484 ueritate,
295 3422 381 3467 error
405 3401 655 3466 emendationem
677 3401 796 3484 recipit.
838 3399 929 3486 ¹uliud
951 3418 1008 3482 pro
1033 3397 1096 3462 alio
1121 3398 1242 3464 duobus

126 3527 229 3592 modis
244 3527 370 3610 petitur,
395 3532 450 3590 aut
471 3547 514 3591 re
531 3533 585 3590 aut
608 3545 737 3590 eausa:
761 3546 805 3607 re,
829 3524 927 3590 ueluti
943 3525 970 3588 si
991 3524 1027 3605 is,
1052 3523 1102 3588 eui
1118 3522 1242 3588 Stiebus
1262 3533 1296 3584 25

126 3654 317 3734 debebatur,
342 3653 469 3717 Erotem
491 3651 596 3736 petiit:
625 3672 753 3733 neusa,
781 3650 881 3715 ueluti
908 3669 977 3714 eum
1005 3649 1070 3712 alio
1092 3667 1149 3731 pro
1178 3645 1242 3711 alie

180 4227 273 4277 Theoph.
288 4227 400 4267 luterem.
414 4237 456 4268 rso.
470 4225 557 4266 Fsrrmi.
