3298 5322
541 403 781 466 -3872

115 577 235 660 duplum
265 533 395 660 petitur:
424 576 477 640 uel
507 575 535 640 si
564 575 707 660 perierit,
736 575 803 642 eius
832 575 927 660 pretii
958 573 1093 658 duplum.
1147 593 1216 640 cum

115 702 186 766 haee
213 701 271 766 tibi
297 705 463 784 perspecta
491 701 568 781 sint,
600 700 673 764 uide
700 700 875 780 quidinde
903 704 1060 782 aequatur.
1114 699 1216 764 Titius

113 845 232 890 seruum
275 845 377 890 meum
419 825 601 890 sollicitauit
639 825 742 889 auimo
779 795 1020 907 corrumpendi,¹
1047 829 1134 896 uta
1166 842 1217 888 me

113 949 284 1032 aufugeret,
307 949 490 1030 addiditque
514 951 622 1032 etiam,
651 957 685 1015 ut
712 949 869 1032 quandam
896 969 961 1014 rem
988 969 1091 1013 meam
1119 947 1217 1012 subri-

113 1081 205 1157 peret.
255 1095 365 1140 seruus
393 1076 432 1139 de
460 1075 519 1140 hoc
547 1095 597 1139 me
625 1073 789 1142 certiorem
816 1074 898 1139 feeit.
945 1094 1014 1140 cum
1038 1093 1098 1156 ego
1126 1091 1217 1139 seruo
1254 1087 1270 1138 5

111 1219 168 1264 uon
195 1200 365 1280 crederem,
393 1200 569 1280 uellemque
590 1199 705 1265 Titium
728 1199 850 1282 inipso
873 1198 1027 1262 maleficio
1048 1197 1218 1282 deprehen-

112 1323 198 1406 dere,
223 1324 352 1408 permisi
372 1343 464 1390 seruo
485 1324 519 1390 id
538 1325 658 1406 faeere3
687 1324 741 1406 qui
768 1323 924 1406 quaedam
944 1343 987 1390 ex
1009 1322 1219 1406 suppellectili

112 1467 178 1513 mea
202 1449 307 1514 ferens
330 1449 372 1514 ad
394 1448 512 1515 Titium
536 1468 571 1514 sc
594 1448 733 1514 contulit.
768 1449 925 1530 sequebar
947 1467 1007 1529 ego
1026 1446 1114 1511 iilum
1138 1447 1219 1511 elam

110 1573 188 1637 seire
229 1573 371 1656 cupiens,
418 1592 536 1638 uerane
576 1579 681 1638 esseut
711 1591 792 1653 quae
822 1591 932 1637 seruus
964 1571 1102 1636 dixisset.
1149 1591 1219 1636 eum

110 1717 218 1761 semus
243 1697 284 1760 ad
306 1698 408 1762 locum
431 1697 513 1762 inter
535 1717 569 1761 se
592 1717 630 1762 ao
653 1697 769 1762 Titium
789 1697 990 1761 constitutum
1012 1695 1218 1780 pemenisset,
1240 1707 1272 1760 10

111 1823 290 1904 subreptam
322 1842 387 1886 rem
421 1821 504 1885 Titio
540 1821 633 1886 dedit.
683 1841 797 1906 reapse
827 1821 923 1904 igitur
953 1819 1059 1884 inueni
1093 1840 1219 1885 seruum

109 1965 169 2010 nou
198 1947 296 2011 fuisse
324 1947 515 2012 mendaeem.
564 1947 725 2028 quaeritur
752 1966 834 2028 quae
861 1943 1042 2010 diuinatio
1067 1944 1219 2014 aduersus

111 2071 227 2135 Titium
253 2091 293 2136 ex
318 2072 367 2136 his
394 2072 573 2156 competat?
608 2078 639 2136 et
665 2071 798 2154 primum
825 2090 888 2134 nou
915 2076 1018 2153 potest
1041 2070 1122 2134 actio
1146 2068 1221 2140 furti

111 2201 298 2278 competere,
326 2217 399 2266 nam
419 2195 494 2260 licet
516 2195 619 2260 animo
640 2195 767 2260 furendi
785 2215 851 2260 rem
874 2194 976 2258 Titius
1004 2194 1219 2274 contrectauit,

110 2339 171 2384 nou
202 2327 308 2385 tamen
335 2326 444 2386 oontm
476 2319 593 2384 domini
619 2321 812 2384 uoluntatem
839 2318 872 2382 id
894 2319 1012 2383 iactum
1047 2325 1102 2382 est.
1147 2339 1220 2382 num
1241 2336 1272 2387 15

111 2445 195 2508 serui
219 2445 357 2529 corrupti
381 2445 463 2509 actio
488 2445 663 2528 competet?
696 2464 736 2509 ue
759 2445 837 2508 haec
862 2441 987 2523 quidem
1012 2442 1080 2506 dari
1103 2448 1219 2525 potest;

111 2589 170 2634 uon
196 2569 279 2633 enim
303 2570 387 2633 serui
410 2588 513 2633 mores
538 2569 709 2634 deteriores
724 2569 800 2632 facti
823 2574 908 2632 sunt:
932 2568 1024 2631 immo
1042 2587 1111 2630 eum
1127 2574 1221 2630 antea

111 2694 177 2758 eius
196 2694 409 2759 beniuolentia
426 2714 504 2776 erga
524 2693 683 2758 domiuum
703 2693 824 2773 lateret,
841 2710 922 2755 nunc
938 2690 1104 2757 manifesta
1125 2711 1221 2775 appa-

110 2818 179 2884 ruit.
232 2824 264 2882 et
297 2819 342 2884 ita
376 2818 493 2899 euenit,
528 2824 562 2881 ut
596 2818 712 2898 Titius,
747 2816 801 2898 qui
831 2816 864 2880 in
893 2835 1017 2880 unare
1049 2815 1141 2898 plura
1168 2814 1222 2878 ad-

110 2942 243 3025 miserit,
275 2943 364 3006 uulla
390 2943 514 3008 actione
541 2948 692 3009 teneatur.
743 2939 880 3027 [quidam
907 2939 1077 3022 prudentes
1105 2938 1223 3002 dabant
1240 2955 1275 3007 20

110 3068 182 3132 hinc
207 3067 283 3132 furti
306 3065 481 3152 actionem]
517 3071 566 3132 set
581 3085 650 3130 cum
667 3070 772 3130 essent
787 3063 985 3147 pmdeutium
1001 3062 1222 3144 ambiguitates

112 3198 142 3256 et
165 3192 295 3274 quidam
319 3212 441 3256 omnem
465 3191 619 3272 actionem
643 3196 804 3273 negarent,
829 3188 955 3269 quidam
978 3187 1052 3252 furti
1068 3187 1223 3251 actionem

113 3315 331 3399 concederent,
354 3337 405 3381 res
422 3317 463 3380 ad
479 3316 651 3399 principem
667 3321 806 3382 nostrum
825 3313 948 3396 perlata
964 3317 1021 3392 est,
1045 3307 1222 3395 prodiitque

113 3441 182 3505 eius
208 3441 396 3522 constitutio,
420 3459 502 3520 quae
526 3446 560 3504 ut
582 3437 760 3504 huiusmodi
783 3436 948 3506 calliditati
971 3435 1097 3504 obuiam
1116 3435 1222 3516 iretur,

112 3565 232 3630 Titium
254 3585 317 3630 non
340 3565 440 3630 solum
463 3563 537 3628 furti
560 3570 609 3628 set
632 3562 770 3644 corrupti
793 3581 916 3642 quoque
944 3560 1029 3626 serui
1055 3559 1224 3628 obnoxium
1242 3575 1275 3627 25
