3370 5350
586 449 624 460 -
670 412 816 483 (258-Δ

151 602 283 682 trapeam
307 597 513 680 hereditatem
537 599 630 666 adire
647 599 727 668 alter
748 601 815 668 sine
835 602 950 670 tutoris
965 600 1163 683 anctoritate,
1184 601 1265 672 uter

115 725 135 774 a.
151 733 220 782 uero
252 718 320 782 sine
341 720 495 784 curatoris
524 737 676 785 consensu
706 728 852 801 nequest.
911 723 941 786 4.
982 721 1095 789 (lasum
1124 722 1264 790 ionenha

151 843 203 916 est,
226 837 279 902 ubi
300 841 371 918 quis
393 845 533 921 tempore
555 842 664 905 mortis
686 843 784 922 patris
806 844 839 907 in
863 843 930 908 eius
952 848 1108 926 potestate
1129 861 1190 908 nou
1213 843 1264 924 sit,

149 957 174 1020 ei
196 962 298 1022 tomen
322 977 397 1024 suus
420 959 511 1024 heres
538 943 602 1026 fiat.
646 962 745 1027 ueluti
772 952 799 1027 si
827 959 910 1027 filius
937 975 1024 1028 meus
1053 961 1093 1030 ab
1121 959 1264 1036 hostibus

150 1083 253 1157 eaptus
276 1084 408 1159 postque
430 1080 538 1144 mortis
561 1100 648 1146 meae
669 1087 792 1166 tempus
815 1099 965 1149 reuersus
987 1081 1092 1162 inerit,
1114 1081 1164 1148 ius
1179 1084 1265 1162 post·
1296 1079 1316 1133 d

148 1195 252 1260 liminii
278 1218 347 1264 eum
371 1218 460 1264 suum
484 1200 558 1266 facit
579 1203 742 1282 heredem,
768 1204 910 1286 quamuis
938 1203 1047 1268 mortis
1069 1207 1209 1286 tempore
1230 1201 1263 1268 in

111 1327 133 1377 5.
149 1333 211 1380 mea
232 1336 294 1382 non
317 1318 412 1384 tuerit
433 1326 598 1401 potestate.
641 1323 671 1386 5.
705 1323 748 1388 Et
769 1339 880 1388 rursus
901 1341 957 1404 per
979 1321 1170 1388 contrarium
1192 1339 1264 1388 eus

151 1434 194 1498 nit
221 1443 257 1500 ut
284 1437 358 1501 lieet
384 1429 453 1520 quis
481 1441 513 1503 in
542 1458 611 1505 mea
636 1439 753 1506 familia
789 1440 831 1506 sit
861 1440 972 1506 mortis
998 1458 1086 1506 meae
1111 1446 1262 1522 tempore,

149 1563 245 1621 tamen
269 1575 345 1621 suus
368 1558 458 1623 heres
481 1577 542 1625 non
564 1558 628 1624 liat.
677 1567 713 1625 ut
742 1579 814 1627 eece
841 1561 964 1626 Primus
990 1559 1089 1626 filium
1116 1560 1156 1624 ln'
1175 1566 1263 1642 pote·

148 1677 223 1741 stete
246 1677 366 1742 habens
390 1685 530 1744 mortuus
553 1688 615 1745 est:
641 1687 713 1762 post
741 1687 871 1747 mortem
900 1697 988 1745 suem
1005 1692 1091 1746 ‘reus
1119 1677 1316 1762 peruret-1⁰

150 1777 235 1860 lionis
259 1803 309 1861 est
336 1797 514 1878 postulatus
546 1801 630 1880 (nam
659 1818 727 1864 cum
757 1807 861 1865 cetera
890 1799 1018 1866 erimina
1046 1806 1146 1864 morte
1175 1818 1263 1882 pere·

148 1923 267 1982 urantur
306 1915 364 1982 hoe
398 1923 429 1983 et
461 1917 494 1982 in
527 1924 666 1984 mortuos
704 1918 988 2000 animaduertitur).
1042 1917 1263 2000 perduellionis

154 2034 313 2100 damnatus
336 2043 384 2102 est
405 2034 537 2111 Primus,
560 2038 715 2104 sententia
737 2038 776 2104 de
802 2037 861 2104 hou
889 2037 955 2102 lato
982 2042 1045 2111 eet3
1072 2029 1167 2103 fiscus
1195 2035 1262 2106 etue

149 2155 364 2233 patrimonium
388 2156 509 2238 accipit,
534 2158 701 2239 euenitque
723 2161 758 2221 ut
784 2157 837 2239 qui
865 2157 896 2221 in
925 2162 1080 2238 potestate
1106 2157 1173 2222 eius
1195 2156 1262 2222 fus.

144 2274 188 2352 rit,
211 2276 304 2342 heres
327 2295 388 2341 non
410 2275 474 2340 fiat.
519 2275 574 2342 Set
595 2277 622 2340 si
644 2277 714 2358 quis
734 2274 913 2357 diligentius
935 2275 1082 2356 inquirat,
1105 2275 1173 2356 ipsa
1195 2274 1263 2356 qui·
1282 2287 1314 2339 15

146 2397 212 2460 dem
234 2397 313 2461 iuris
337 2395 511 2476 suptilitate
532 2397 623 2462 heres
645 2395 689 2475 fit,
714 2395 827 2468 desinit
849 2402 952 2460 tamen
975 2393 1066 2459 heres
1089 2411 1167 2472 esse,
1191 2411 1261 2460 oum

145 2491 217 2580 eius·
232 2517 335 2597 petris
358 2517 504 2581 damnata
525 2516 567 2581 sit
589 2513 746 2581 memoria.
771 2513 851 2579 Ecce
873 2513 971 2594 igitur
993 2513 1176 2596 exemplum,
1200 2507 1261 2595 quo

109 2643 128 2694 6.
144 2633 260 2700 heredis
284 2636 353 2700 iura
375 2636 466 2702 alicui
488 2635 678 2700 adhaereant
699 2651 872 2715 rursusque
899 2633 939 2700 ab
967 2617 1003 2698 eo
1026 2632 1185 2698 decedant.
1231 2631 1261 2696 6.

146 2753 241 2820 Titius
263 2754 363 2820 filium
387 2755 437 2820 uel
465 2755 559 2820 tiliam
582 2756 613 2820 in
643 2759 800 2836 potestate
828 2753 946 2819 habens
973 2757 1068 2834 atque
1097 2769 1134 2818 ex
1162 2750 1261 2818 attero

147 2871 203 2938 filio
225 2881 427 2954 praemortuo
450 2881 593 2956 nepotem
623 2879 803 2955 neptemue‚
833 2874 1001 2936 intestatus
1030 2877 1172 2938 mortuus
1202 2873 1259 2936 est.
1278 2882 1314 2936 uo

146 3002 296 3060 uocantur
319 2996 359 3060 ad
382 2996 449 3060 eius
471 2995 674 3060 hereditatem
698 2991 780 3058 filius
803 2993 895 3058 simul
923 2973 957 3058 et
975 2990 1093 3057 lilia'et
1115 3009 1152 3056 ex
1174 3008 1261 3082 prae·

147 3121 264 3181 mortuo
289 3113 353 3179 filio
377 3133 473 3196 nepos
496 3115 648 3196 neptisue‚
672 3131 728 3178 nec
749 3111 918 3196 proximior
940 3111 1050 3196 gradu,
1072 3111 1103 3176 h.
1119 3130 1145 3176 e.
1169 3108 1260 3191 filins,

144 3231 321 3299 ulteriorem
345 3233 488 3300 excludit.
531 3253 664 3317 aequum
688 3233 769 3298 enim
792 3235 894 3298 uisum
918 3237 966 3297 est
988 3236 1116 3314 nepotes
1138 3233 1262 3314 neptes·
