3384 5314
635 375 787 454 -lsr
834 425 875 434 -

197 564 402 630 introductae.
449 572 537 630 actor
560 566 642 630 enirn
669 565 758 631 initio
782 567 846 632 litis
874 585 914 631 ex
941 565 1091 650 principis
1119 565 1218 631 nostri
1241 583 1313 631 con·
1349 569 1352 576 '

197 689 356 754 stitutione
379 691 483 754 iurare
508 692 643 774 cogitur,
673 711 743 756 sese
767 693 851 756 bona
874 692 1024 756 instantia
1047 692 1089 755 ad
1115 697 1313 774 praesentem
1379 695 1382 702 ’

197 813 283 877 litem
305 815 498 897 peruenisse.
544 822 576 879 et
600 815 665 880 alia
692 824 740 880 est
768 817 967 882 sanctissima
995 815 1135 881 eiusdem
1162 815 1313 900 principis

198 939 384 1020 constitutio,
402 960 484 1020 quae
500 941 659 1022 utriusque
676 943 775 1025 partis
792 943 964 1007 aduocatos
981 942 1195 1006 iusiurandum
1208 943 1313 1007 subire

197 1065 289 1146 cogit.
327 1065 403 1128 ‘Hoc
427 1071 531 1130 autem
555 1065 771 1130 iusiurandum
794 1068 941 1150 princeps
964 1074 1072 1132 noster
1094 1067 1267 1132 introduxit
1282 1067 1314 1132 iu
1351 1077 1366 1128 5

196 1189 298 1253 locum
323 1190 439 1254 ueteris
463 1191 639 1255 calumniae
664 1192 807 1273 actionis
832 1212 913 1272 quae
930 1191 1136 1256 desuetudine
1160 1194 1314 1274 abrogata

197 1321 253 1377 est.
298 1335 372 1378 nam
396 1315 423 1379 si
447 1335 507 1398 ego
524 1315 677 1380 aduersus
694 1317 850 1396 quendam
869 1315 1011 1396 qnalibet
1026 1317 1150 1380 actione
1167 1323 1314 1401 expertus

197 1437 309 1503 deinde
338 1439 439 1504 uictus
467 1440 597 1504 fuissem
629 1447 660 1504 et
690 1441 897 1504 calumniator
927 1439 1161 1524 apparuissem,
1190 1447 1315 1525 poterat

196 1584 267 1628 reus
291 1544 403 1630 rursus
422 1565 576 1630 aduersus
599 1585 649 1630 me
673 1566 849 1631 calumniae
867 1566 989 1630 actione
1006 1565 1152 1650 experiri,
1177 1587 1259 1649 quae
1283 1568 1314 1631 in

197 1689 350 1752 decimam
384 1710 505 1773 eorum,
542 1710 623 1770 quae
654 1691 831 1774 petiissem,
867 1698 989 1774 partem
1022 1690 1314 1756 condemnationem
1336 1700 1369 1754 10

196 1813 342 1878 habebat.
397 1822 431 1880 ut
463 1836 537 1880 ecce
568 1816 783 1897 condixeram,
820 1816 909 1880 uerbi
938 1817 1056 1898 gratia,
1092 1815 1255 1880 Caureos
1283 1821 1315 1880 et

196 1939 437 2004 succubueram:
467 1940 500 2004 in
523 1941 553 2003 X
577 1961 691 2005 aureos
714 1960 836 2005 mecum
860 1940 899 2004 de
923 1940 1081 2005 calumnia
1104 1940 1157 2022 agi
1180 1946 1313 2024 poterat.

196 2085 266 2130 cum
289 2067 385 2149 igitur
406 2068 582 2133 calumniae
599 2068 680 2133 actio
697 2089 760 2133 non
775 2069 1038 2150 frequentaretur,
1063 2068 1095 2131 in
1119 2067 1187 2131 eius
1211 2067 1313 2132 locum

196 2199 341 2274 coeptum
362 2199 410 2257 est
432 2192 657 2274 iusiurandum,
689 2194 733 2257 uti
755 2193 871 2257 dictum
895 2200 950 2273 est,
974 2192 1060 2275 exigi
1083 2197 1114 2255 et
1137 2191 1312 2274 improbum

195 2317 397 2399 llitigatorem
422 2317 493 2399 cogi
516 2318 674 2401 impensas
706 2317 889 2382 aduersario
914 2318 1053 2397 soluere,
1078 2317 1110 2380 in
1134 2336 1213 2398 quas
1242 2335 1312 2379 eum
1334 2328 1366 2377 15

160 2448 313 2506 atemere
341 2441 493 2524 litigando
522 2443 660 2507 deduxit.
703 2446 732 2510 2.
756 2444 887 2508 Praeter
909 2462 1029 2526 poenas
1052 2442 1206 2506 aduersus
1230 2459 1311 2521 reos,

196 2587 274 2647 quas
291 2567 322 2630 in
339 2567 551 2650 superioribus
569 2567 829 2649 enumerauimus,
852 2573 924 2632 sunt
940 2567 1023 2631 aliae
1040 2585 1164 2648 quoque
1180 2585 1312 2650 poenae.

196 2699 267 2756 sunt
290 2692 373 2756 enim
397 2693 553 2773 quaedam
577 2693 727 2774 actiones,
753 2712 792 2756 ex
816 2693 929 2773 quibus
950 2691 1091 2755 damnati
1111 2691 1314 2773 ignominiosi

195 2815 285 2880 fiunt:
318 2836 357 2880 ex
385 2816 553 2899 delictis,
584 2818 683 2882 ueluti
710 2818 743 2881 in
772 2817 888 2882 iudicio
916 2817 990 2881 furti
1019 2823 1073 2880 aut
1101 2816 1133 2878 ui
1162 2816 1313 2880 bonorum

196 2946 354 3024 raptorum
390 2949 444 3006 aut
478 2942 661 3006 iniuriarum
691 2949 746 3006 aut
774 2942 813 3006 de
841 2941 929 3006 dolo:
966 2961 1006 3004 ex
1038 2940 1311 3022 contractibus,
1332 2949 1367 3002 20

196 3067 247 3130 uel
264 3067 373 3147 quusi
397 3088 441 3132 ex
464 3068 741 3150 contractibus,
765 3067 864 3131 ueluti
879 3066 911 3131 in
927 3066 1103 3130 actionibus
1119 3066 1238 3130 tutelae
1259 3072 1314 3129 aut

195 3192 336 3256 mandati
359 3199 414 3256 aut
436 3193 585 3276 depositi,
610 3192 737 3258 directis
761 3192 906 3256 nimirum
929 3211 991 3255 non
1019 3191 1114 3256 etiam
1138 3189 1312 3254 contrariis.
1357 3279 1362 3291 ι

196 3315 373 3380 contrariae
397 3316 480 3380 enim
503 3316 645 3380 famosae
668 3335 732 3380 non
756 3321 842 3380 sunt:
871 3315 970 3380 ueluti
993 3315 1075 3379 actio
1098 3314 1217 3378 tutelae
1241 3332 1312 3378 con·
1356 3302 1359 3310 ’

195 3441 302 3522 traria,
327 3461 421 3521 quam
438 3446 520 3506 tutor
535 3441 631 3512 habet
646 3441 799 3505 aduersus
819 3439 973 3524 pupillum
996 3459 1053 3523 pro
1077 3439 1125 3522 iis,
1150 3459 1231 3520 quae
1254 3459 1311 3521 pro

197 3583 234 3628 eo
263 3565 423 3648 impendit.
485 3565 568 3630 actio
600 3565 743 3629 mandati
775 3565 933 3629 contraria
965 3565 1068 3628 locum
1101 3563 1209 3645 habet,
1242 3583 1312 3628 cum
1332 3573 1366 3625 25

196 3689 378 3755 mandatum
414 3690 605 3774 acceperim,
640 3695 673 3754 ut
704 3709 761 3772 pro
790 3695 821 3753 te
857 3709 965 3771 agam,
1001 3695 1032 3753 et
1065 3707 1123 3771 per
1150 3708 1220 3752 eam
1248 3687 1312 3752 litis

196 3814 355 3896 impensas
379 3836 399 3878 a
421 3819 452 3878 te
476 3821 558 3898 peto.
603 3814 760 3878 contraria
784 3812 920 3917 depositi
944 3813 1026 3878 actio
1051 3812 1200 3895 competit
1222 3797 1312 3876 uerbi
