3154 5338
531 419 675 484 -oor
722 457 758 466 .-

98 624 165 686 que
185 611 221 670 et
242 611 431 687 parentes
454 625 625 683 eorum«,
648 610 817 687 utramque
832 625 947 671 uanam
969 607 1108 672 ostendit
1130 608 1205 673 diua

96 745 149 791 sua
167 725 403 804 constitutione,
427 745 522 808 quam
544 726 583 791 de
604 726 673 791 iure
694 725 881 808 patronatus
905 727 1088 808 composuit.
1134 745 1205 792 curn

96 845 170 910 enim
191 843 231 908 ad
253 845 489 910 similitudinem
517 846 721 912 successionis
748 846 956 927 ingenuorum
985 847 1205 912 libertinorum

96 963 259 1046 redegisset
280 965 506 1043 successiones
532 985 634 1047 usque
656 965 697 1030 ad
718 965 863 1046 quintum
886 965 1019 1048 gradm
1042 985 1095 1032 eas
1118 985 1205 1032 coar-

94 1089 170 1162 tans,
199 1089 236 1150 ut
257 1088 340 1150 esset
362 1085 468 1167 aliqua
489 1084 572 1150 inter
600 1085 752 1166 ingenuos
776 1090 808 1150 11
835 1085 996 1152 libertinos
1019 1084 1203 1166 differentia,
1222 1099 1239 1147 o

94 1203 178 1270 iussit
198 1223 252 1269 eos
274 1205 429 1270 bonorum
461 1203 709 1286 possessionibus
747 1209 909 1272 «contra
945 1204 1137 1271 tabulas«
1174 1209 1206 1270 et

96 1303 432 1407 »unde'lcgitimi«
458 1330 490 1390 et
514 1325 639 1390 «unde
662 1325 842 1406 cognati«
873 1343 942 1390 esse
971 1329 1143 1402 contentos,
1168 1343 1205 1389 ex

93 1445 196 1526 quibus
220 1449 353 1526 possunt
374 1445 500 1526 patroni
523 1445 647 1526 cognati
670 1444 764 1509 etiam
786 1444 1014 1510 successionem
1036 1443 1142 1508 liberti
1164 1441 1204 1509 ab

92 1565 233 1630 intestato
261 1563 320 1628 sibi
348 1563 523 1641 uindicare,
554 1563 637 1628 omni
666 1564 910 1646 scrupulositate
940 1567 972 1628 ct
997 1562 1204 1628 inextricabili

57 1687 76 1737 6·
91 1703 189 1749 errore
218 1683 397 1749 huiusmodi
425 1683 638 1765 possessiones
669 1685 800 1749 solvens.
847 1685 876 1747 6.
899 1683 1022 1747 Nonam
1052 1701 1128 1748 uero
1151 1682 1256 1748 bo·1o

90 1821 192 1868 nomm
224 1804 469 1888 possessionem,
497 1822 579 1884 quae
606 1803 703 1868 unde
730 1803 794 1869 uir
822 1807 861 1868 11
890 1821 988 1868 uxor
1017 1802 1203 1884 appellatur,

90 1927 169 1988 sexto
183 1923 254 1988 loco
275 1922 382 2005 posuit
403 1927 436 1987 et
451 1921 602 1988 decimam
626 1921 709 1988 idest
734 1922 861 1987 »unde
883 1921 1047 2003 cognati
1069 1941 1205 1988 manu-

89 2042 292 2108 missoris«
322 2045 453 2126 propter
474 2060 586 2108 causae
614 2046 777 2109 enarratas
804 2059 1033 2123 superuacuam
1056 2041 1206 2140 ostendit,

90 2179 160 2243 quas
182 2162 215 2226 in
239 2161 462 2228 constitutione
484 2162 523 2227 de
544 2163 613 2228 iure
634 2167 822 2244 patronatus
845 2162 1003 2244 exposuit,
1026 2161 1073 2227 ita
1094 2167 1131 2227 ut
1153 2161 1205 2227 de

89 2300 177 2356 mum,
191 2282 238 2347 VI
252 2281 470 2347 tantummodo
487 2286 592 2348 esseut
607 2282 761 2347 bonorum
780 2282 994 2364 possessiones
1017 2281 1203 2360 ordinariae,
1225 2293 1255 2344 15

90 2401 164 2468 duae
178 2401 316 2484 quidem,
340 2401 456 2467 tabulis
478 2401 666 2482 extantibus
690 2401 808 2468 scilicet
828 2407 963 2467 contra
985 2401 1150 2467 tabulas
1173 2406 1206 2467 et

90 2522 297 2590 secundum
319 2521 497 2602 tabulas,
525 2526 677 2604 quattuor
698 2540 791 2598 uero,
818 2519 934 2587 tabulis
956 2521 1050 2586 nullis
1073 2521 1205 2586 extanti-

89 2640 150 2714 bus,
163 2642 297 2709 scilicet:
313 2640 602 2719 »undeliberi«,
618 2640 737 2706 »unde
751 2640 964 2722 legitimi«,
981 2640 1105 2706 «unde
1120 2659 1205 2722 cog·

54 2759 73 2810 ⁷·
88 2762 203 2840 nati«,
231 2761 358 2826 »unde
379 2762 442 2826 uir
464 2768 501 2828 11
522 2781 653 2826 uxor«.
686 2765 714 2825 7.
739 2761 880 2842 Septima
901 2779 1026 2842 quoque
1047 2760 1085 2826 iis
1109 2760 1205 2825 adda·

87 2885 136 2945 tur
156 2881 311 2946 bonorum
333 2881 499 2962 possessio,
523 2900 617 2963 quam
640 2881 759 2962 optima
780 2880 902 2945 rationo
924 2883 1086 2962 praetores
1107 2879 1204 2944 intro·
1222 2889 1256 2940 20

88 2999 240 3066 duxerunt
269 2999 440 3066 nouissimo
474 2999 568 3066 edicti
600 2999 650 3064 sui
678 3000 746 3064 loco
780 2998 841 3064 illis
870 2999 1105 3080 promittentem
1137 2999 1204 3080 qui-

88 3115 141 3185 bus
163 3140 234 3186 earn
256 3121 325 3186 dari
348 3121 400 3186 uel
426 3121 475 3185 lex
504 3120 557 3185 uel
580 3120 714 3185 Senatus
742 3120 920 3184 consultum
942 3120 993 3184 uel
1020 3118 1204 3188 constitutio
1249 3179 1251 3186 s

86 3239 233 3307 iussisset.
278 3241 359 3307 hanc
380 3259 457 3306 uero
479 3259 582 3322 neque
603 3240 651 3318 iis,
675 3258 757 3322 quae
779 3239 904 3318 tabulis,
928 3257 1029 3322 neque
1051 3238 1100 3318 iis,
1123 3258 1205 3325 quae

87 3360 173 3426 nullis
209 3361 389 3428 extantibus
420 3364 602 3442 competunt
631 3378 855 3425 connumerare
888 3358 994 3424 stabili
1023 3357 1092 3424 iure
1121 3359 1203 3437 licet,

87 3484 131 3544 set
151 3485 304 3564 tanquam
326 3482 472 3546 ultimum
494 3485 527 3546 11
548 3480 832 3546 extraordinarium
852 3479 1011 3558 auxilium,
1035 3483 1131 3560 prout
1152 3498 1202 3544 res
1221 3488 1254 3539 aa

88 3600 194 3682 erigit,
225 3601 307 3667 hanc
329 3602 562 3667 constituerunt
584 3600 801 3682 dederuntque
822 3600 915 3664 modo
943 3619 980 3664 ex
1002 3601 1202 3676 testamento,

88 3719 173 3785 modo
190 3721 230 3787 ab
246 3721 405 3787 intestato.
429 3739 542 3786 nomen
564 3739 640 3785 uero
657 3719 723 3785 eius
739 3723 801 3785 est:
829 3719 1002 3800 »quibus
1025 3723 1067 3782 ut
1090 3717 1204 3783 detur

88 3837 163 3920 lege
195 3841 258 3905 uel
286 3845 449 3910 senatus
479 3839 662 3905 consulto
692 3839 755 3904 uel
783 3838 1077 3906 constitutione
1106 3855 1203 3902 com-
