3164 5338
508 411 749 475 -352-

87 591 114 650 et
134 584 308 650 uenditione
323 584 408 650 dicta
427 585 648 668 intellegimus,
674 605 755 667 quae
771 586 839 650 sine
855 585 1010 668 scriptura
1026 586 1181 668 consistit3

85 709 153 774 nihil
175 709 256 774 enim
279 709 311 773 in
333 709 511 774 huiusmodi
537 709 770 775 uenditionibus
799 710 945 794 princeps
968 717 1073 775 noster
1096 710 1182 776 inno-

85 834 169 898 uauit.
199 834 231 898 in
254 853 294 898 ea
316 853 407 915 uero,
432 853 513 914 quae
537 833 692 917 scriptura
714 833 890 914 conficitur,
913 854 976 898 non
998 834 1091 898 aliter
1113 854 1182 917 per-

83 959 186 1023 fectam
209 979 279 1024 esse
303 958 493 1042 emptionem
515 958 789 1039 uenditionemque
813 958 1038 1042 intellegimus,
1066 958 1128 1023 nisi
1152 965 1183 1024 et

82 1083 276 1148 instrumenta
305 1081 471 1166 emptionis
502 1082 681 1165 conscripta
709 1083 824 1148 inerint
851 1082 903 1147 uel
930 1103 1025 1146 manu
1054 1082 1182 1178 propria
1220 1097 1234 1147 5

82 1206 241 1272 uenditoris
265 1207 317 1271 nel
340 1208 380 1271 ab
398 1207 461 1273 alio
478 1206 603 1287 quidem
619 1206 745 1290 scripta,
770 1228 790 1271 a
805 1205 968 1271 uenditore
984 1211 1088 1270 autern
1111 1207 1182 1270 sub-

81 1331 200 1415 scripta:
230 1331 315 1414 quod
338 1331 366 1396 si
388 1351 445 1414 per
466 1331 671 1396 tabellionem
693 1331 783 1413 fiant,
807 1330 868 1396 nisi
891 1336 922 1396 et
945 1331 1180 1414 completiones,

80 1456 280 1538 praecedente
303 1456 541 1540 subscriptione,
566 1457 796 1539 subsequantur
819 1463 851 1521 et
878 1455 1083 1520 absoluantur
1110 1477 1181 1540 par·

79 1579 153 1644 tibus
168 1579 384 1646 instrumenta.
421 1581 520 1647 donee
545 1581 625 1647 enim
644 1581 764 1662 aliquid
780 1601 820 1646 ex
843 1581 891 1646 his
908 1580 1005 1662 deest,
1028 1586 1059 1645 et
1074 1581 1181 1664 poeni-

78 1705 186 1770 tentiae
208 1706 298 1770 locus
322 1711 370 1772 est
393 1713 424 1770 et
446 1711 552 1790 potest
579 1713 701 1790 emptor
728 1726 784 1770 sen
812 1704 956 1770 uenditor
983 1705 1050 1770 sine
1077 1724 1180 1788 poena
1202 1719 1234 1769 10

78 1829 217 1894 recedere
230 1851 251 1894 a
263 1835 433 1910 contractu,
456 1830 502 1894 ita
523 1836 638 1912 tamen,
662 1829 724 1895 nisi
746 1830 809 1894 iarn
825 1830 938 1921 arrhae
952 1829 1077 1895 nomine
1100 1830 1180 1894 forte

78 1952 189 2033 aliquid
219 1953 326 2018 datum
353 1955 461 2018 fuerit:
490 1954 604 2018 etenim
627 1955 687 2019 hoc
711 1955 890 2036 subsecuto,
915 1953 982 2018 siue
1004 1953 1180 2036 inscriptis

78 2077 137 2142 sine
159 2078 228 2142 sine
245 2078 369 2161 scriptis
385 2077 523 2142 uenditio
538 2078 624 2142 facta
640 2086 697 2159 est,
721 2078 748 2143 is
766 2079 819 2159 qui
834 2099 854 2142 a
870 2083 1032 2143 contractu
1050 2078 1178 2159 recedit,

78 2200 101 2264 si
115 2203 237 2282 quidem
255 2209 377 2286 emptor
392 2207 449 2284 est,
474 2203 600 2267 arrham
615 2203 727 2286 perdit,
745 2202 773 2267 si
788 2209 863 2267 uero
880 2203 1034 2283 uenditor,
1052 2202 1177 2286 duplum

76 2326 234 2391 restituere
264 2326 476 2410 compellitur,
505 2327 533 2391 h.
558 2346 584 2392 e.
607 2327 640 2390 id
668 2327 752 2408 qnod
780 2327 885 2390 datum
914 2332 961 2392 est
988 2333 1019 2390 et
1047 2327 1179 2390 alterum
1200 2339 1231 2391 lo

75 2457 198 2534 tanturn,
216 2451 290 2515 licet
304 2450 382 2516 nihil
397 2450 574 2516 huiusmodi
589 2445 622 2515 in
637 2450 863 2516 constituendis
880 2449 980 2514 arrhis
997 2470 1179 2533 expressum

49 2575 118 2640 l-sit.
164 2580 192 2644 1.
217 2577 356 2642 Pretium
384 2582 488 2642 autem
511 2576 636 2642 omnino
660 2575 806 2641 constitui
831 2580 967 2658 oportet,
996 2595 1069 2638 nam
1092 2574 1179 2638 nulla

75 2700 192 2766 omnino
218 2700 335 2784 emptio
359 2719 430 2765 esse
453 2706 558 2784 potest
580 2699 681 2784 pretio
703 2718 767 2764 non
787 2698 963 2763 constituto.
987 2704 1035 2762 set
1058 2703 1089 2762 et
1112 2717 1178 2763 cer-

72 2829 131 2888 tum
153 2825 289 2909 pretinm
312 2845 383 2891 esse
407 2825 509 2890 debet.
555 2815 694 2905 alioquin
722 2824 749 2889 si
775 2823 856 2888 inter
883 2823 1006 2905 aliquos
1033 2823 1079 2887 ita
1107 2842 1179 2887 con-

72 2950 195 3032 uenerit,
220 2956 254 3014 ut
277 2949 386 3032 quanti
404 2950 507 3015 Titius
522 2949 604 3014 hunc
627 2949 756 3013 fundum
780 2947 1007 3029 aestimauerit,
1031 2946 1111 3011 tanti
1138 2947 1178 3010 sit
1197 2958 1231 3010 20

72 3080 204 3156 emptus,
229 3073 310 3139 inter
332 3081 457 3139 ueteres
480 3094 597 3156 magna
624 3079 693 3139 erat
720 3072 947 3153 controuersia,
975 3077 1078 3136 utrum
1106 3089 1178 3135 con-

71 3201 164 3263 staret
188 3196 344 3263 eiusmodi
366 3198 504 3263 uenditio
528 3218 569 3262 an
592 3197 711 3262 inutilis
739 3204 832 3262 esset.
871 3202 920 3260 set
946 3195 1100 3280 processit
1122 3195 1178 3259 im-

71 3321 223 3402 peratoris
246 3322 345 3389 nostri
368 3323 496 3405 decisio,
521 3343 603 3404 quae
625 3323 671 3387 ita
693 3323 752 3387 hoc
776 3321 949 3403 constituit,
977 3327 1011 3385 ut
1034 3321 1177 3403 quotiens

70 3444 110 3510 sic
137 3446 315 3530 composita
342 3447 383 3512 sit
410 3446 562 3512 uenditio:
592 3447 656 3511 »sit
683 3445 753 3511 tibi
780 3446 839 3511 hic
866 3445 1005 3510 fundus
1033 3449 1177 3527 emptus

70 3571 202 3649 quanti
238 3570 306 3634 ille
345 3590 425 3635 eum
464 3569 759 3652 aestimaueritc,
798 3570 856 3634 sub
894 3569 954 3633 hac
992 3567 1176 3632 condicione
1196 3580 1229 3632 25

70 3700 162 3760 staret
186 3700 379 3777 contractus,
402 3701 448 3778 nt,
472 3695 499 3760 si
522 3693 647 3777 quidem
670 3694 738 3778 ipse
762 3693 815 3775 qui
837 3693 1014 3758 nominatus
1039 3697 1100 3774 est,
1123 3711 1176 3756 ue·

68 3817 119 3882 luti
141 3818 254 3902 Titius,
277 3819 412 3903 pretium
432 3819 595 3900 definierit,
620 3817 797 3883 omnimodo
814 3816 984 3882 secundum
999 3807 1067 3882 eius
1084 3817 1176 3882 aesti-

117 4285 213 4336 'l'heopla
227 4287 339 4327 nuceas.
353 4295 395 4326 rec.
410 4283 498 4326 Forrlni.
