3164 5338
498 429 539 439 —
587 396 650 459 375
697 430 739 438 --

81 590 132 652 ego
170 569 307 634 relietum
350 575 465 654 putans
509 570 646 651 soluam,
690 576 795 635 oessat
834 568 995 652 repetitio:
1033 589 1107 632 nam
1145 573 1186 632 et·

79 697 167 776 heres,
191 695 240 776 qui
264 694 417 759 eiusmodi
432 695 539 776 legata
563 694 657 759 debet
672 701 704 758 et
719 694 877 776 infitietur,
900 693 1028 777 duplum
1052 693 1183 757 soluere

79 820 195 902 oogitur.

198 1354 261 1417 Per
284 1373 363 1433 quas
386 1372 539 1436 personas
563 1353 654 1417 nobis
680 1351 832 1434 obligatio
857 1351 1039 1434 adquiritur.

519 1477 642 1542 Titulus
666 1481 717 1544 28.

148 1637 293 1702 Diximus
309 1637 348 1702 de
371 1637 627 1720 obligationibus,
653 1646 735 1719 quae
759 1641 986 1702 exssoontraotu
1008 1635 1061 1700 uel
1085 1635 1176 1715 quasi

73 1780 105 1824 ex
125 1768 286 1826 eontraotu
305 1767 495 1844 naseuntur3·
517 1782 598 1826 nuno
615 1767 663 1826 est
679 1760 844 1826 dicendum
860 1761 948 1843 ipsas
965 1759 1176 1842 obligationes
1214 1773 1238 1823 t

71 1885 151 1949 nobis
174 1886 386 1966 adquirbnon
409 1887 511 1950 solum
534 1906 591 1969 per
606 1891 728 1950 nosmet
751 1885 848 1969 ipsos,
873 1891 921 1948 set
937 1884 1032 1951 etiam
1047 1903 1105 1967 per
1120 1903 1175 1948 eas

70 2029 220 2094 personas,
256 2031 337 2091 quae
365 2011 397 2074 in
425 2017 535 2075 nostra
561 2016 718 2094 potestate
747 2015 828 2092 sunt,
864 2009 963 2074 ueluti
986 2029 1043 2093 per
1067 2029 1175 2073 seruos

70 2141 181 2199 nostros
206 2141 238 2200 et
260 2135 352 2217 filios,
377 2135 486 2217 quiin
509 2141 665 2219 potestate
689 2139 769 2199 sunt.
815 2140 863 2199 set
880 2153 963 2214 quae
986 2153 1044 2217 per
1067 2154 1180 2200 seruos

70 2259 149 2324 nobis
163 2259 370 2341 adquiruntur
382 2259 507 2324 omnino
523 2266 633 2324 nostra
649 2259 735 2340 fiunt,
760 2279 841 2342 quae
858 2265 963 2324 autern
979 2279 1036 2342 per
1048 2259 1175 2339 liberos,

70 2401 138 2462 quos
160 2384 192 2448 in
215 2389 374 2468 potestate
398 2385 561 2467 habemus,
586 2404 626 2448 ex
642 2383 837 2466 obligatione
859 2383 1074 2464 adquiruntur,
1099 2382 1235 2446 diui-10

69 2507 171 2572 duntur
191 2508 365 2573 seeundum
382 2509 561 2592 exemplum
575 2527 679 2572 rerum
695 2507 898 2591 proprietatis
915 2514 946 2571 et
969 2507 1176 2587 usustruotus,

68 2632 142 2712 quod
161 2633 263 2698 nostri
283 2632 435 2716 prinoipis
452 2631 603 2697 dis'oreuit
619 2632 816 2697 constitutio:
840 2637 874 2695 ut
891 2631 974 2712 quod
994 2633 1035 2694 ab
1053 2631 1176 2695 aotione
1302 2719 1305 2724 Ι

69 2758 255 2822 commodum
284 2757 463 2841 perueniat,
499 2757 590 2822 huius
614 2778 689 2821 usus
713 2757 831 2821 fruetus
863 2756 948 2839 apud
977 2761 1100 2840 patrem
1129 2756 1177 2837 sit,

66 2877 229 2945 dominium
261 2887 367 2946 autem
397 2881 462 2945 lilio
487 2885 639 2964 seruetur,
667 2881 788 2946 soilioet
812 2886 903 2963 patre
931 2880 1086 2944 sotionem
1113 2899 1177 2944 mo-

65 3010 164 3086 uente,
213 3005 384 3070 seeundum
426 3005 573 3070 nouellae
612 3005 680 3069 eius
719 3011 751 3068 et
792 3023 903 3068 saorae
948 3003 1176 3068 constitutionis
1198 3002 1230 3074 15

39 3125 297 3195 idistinotionem.
346 3133 373 3196 1.
396 3129 534 3194 Liberae
559 3149 685 3211 quoque
712 3149 868 3213 personae
897 3134 929 3194 et
955 3128 1043 3193 'serui
1070 3127 1178 3208 alieni,

65 3271 135 3332 quos
167 3255 254 3320 bona
280 3255 341 3320 fide
373 3255 584 3338 possidemus,
617 3255 710 3318 nobis
741 3254 883 3319 actiones
918 3253 1101 3336 adquirunt,
1130 3259 1180 3317 set

64 3381 245 3444 summor
273 3379 395 3444 duabus
423 3379 542 3460 oausis,
570 3378 603 3442 id
634 3384 682 3443 est
709 3377 737 3442 si
765 3377 840 3461 quid
868 3397 913 3442 ex
942 3378 1071 3462 operis
1099 3376 1179 3442 suis

36 3498 224 3568 ntabeant
261 3503 315 3568 uel
352 3523 397 3567 ex
434 3522 476 3567 re
514 3509 646 3567 nostra
683 3502 776 3567 nobis
819 3501 996 3584 adquirant.
1057 3505 1086 3568 2.
1116 3502 1178 3565 Per

63 3642 128 3690 eum
167 3647 292 3710 quoque
332 3647 473 3709 seruum,
517 3627 550 3691 in
590 3647 652 3709 quo
692 3648 782 3691 usum
821 3627 957 3692 fructum
996 3627 1049 3690 uel
1087 3646 1177 3690 usum
1197 3643 1232 3695 20
