3384 5314
777 434 818 441 —-
866 400 928 462 467
977 435 1017 442 —

341 573 413 656 περὶ
436 573 492 656 τῆς
515 572 627 637 litteris
637 573 659 656 ¹)
684 569 920 656 διαλεγόμενοι,
944 571 1090 648 διάταξις
1110 574 1169 638 τοῦ
1189 571 1344 660 ἡμετέρου
1366 576 1456 654 βασι-

341 677 419 753 λέως
447 677 599 742 ἕστένωσε
625 676 745 764 ταύτην
774 678 907 761 διετίᾳί)
975 681 1029 744 καὶ
1057 682 1085 743 εί
1111 679 1171 763 μὲν
1197 678 1301 764 είσωί)
1338 677 1458 752 διετίας

341 787 428 860 κινῶ,
451 783 653 850 αὐτιτίθεταί
676 809 732 868 μοι
753 784 972 872 παραγραφὴ·
996 784 1144 874 ταύτηςί)
1170 783 1457 874 παραδραμούσης,

342 889 558 977 αόνηθήσεται
580 901 625 980 τῷ
647 898 707 978 νόῳ
731 890 750 978 ή
772 891 979 979 παραγραφή.
1028 898 1057 960 3.
1078 892 1208 977 Ὀμοιόν
1236 892 1302 957 ἐστι
1329 891 1456 962 κακεῖνο
1468 905 1491 955 3.

306 995 378 1063 ῦτδ
413 1003 510 1081 δόμα.
568 996 719 1063 ἐδάνεισα
751 1017 800 1062 σοι
823 1003 850 1088 ρ
875 1004 1068 1084 νομίσματα.
1123 998 1203 1084 μετα
1234 999 1353 1086 χρόνον
1382 995 1456 1062 τινα

340 1111 456 1187 pacton
478 1104 625 1192 ἐποίησα,
649 1103 701 1171 ὅτι
724 1108 787 1192 σεῧ)
813 1105 871 1173 οὐκ
893 1105 1062 1192 απαιτήσω
1085 1105 1122 1172 τὸ
1138 1107 1240 1194 χρέος.
1279 1104 1317 1171 τὸ
1341 1112 1457 1191 pacton

339 1213 437 1275 τοῦτο
461 1211 519 1278 οῦκ
540 1210 667 1297 α’ναιρεϊ
687 1214 756 1297 ipso
780 1215 847 1280 iure
870 1211 929 1279 τὸν
951 1215 1177 1290 oondietieion,
1201 1221 1332 1279 strietan
1356 1210 1457 1277 οὖσαν

339 1316 399 1403 τήν
421 1316 564 1404 α’γοιγήν,
590 1318 673 1383 α’λίὰ
697 1320 800 1402 μένεις
823 1319 899 1405 έτιθ)
924 1330 970 1409 τῷ
992 1320 1081 1408 νόμῳ
1099 1319 1220 1404 ένοχος.
1261 1318 1372 1405 ἐπειδή
1397 1318 1457 1384 οὖν

339 1424 439 1506 ἰσχύει
462 1425 545 1490 κατα
570 1445 626 1490 σου
650 1423 668 1492 ό
691 1428 894 1492 οουδίοίίοίοε
917 1428 973 1491 καὶ
995 1429 1098 1502 καλῶς
1121 1427 1217 1512 λέγω·
1243 1428 1293 1491 »εἰ
1320 1427 1453 1513 φαίνε-

228 1549 243 1566 ·
288 1546 321 1597 10
339 1537 401 1596 ταί
425 1553 462 1597 σε
485 1542 625 1618 χρῆναι
649 1533 818 1610 δοῦναιι,
849 1532 954 1598 α’δικῶ
983 1533 1020 1598 δέ
1042 1532 1125 1598 κατα
1149 1531 1184 1598 τί
1211 1532 1305 1616 φύσει
1328 1533 1456 1598 δίκαιον

338 1637 583 1724 ἐναντιούμενος
599 1653 667 1714 τοῖς
688 1641 827 1724 ἐμαυτοῦ
848 1641 1042 1728 συμφανοις,
1066 1640 1270 1728 συγχωρήσας
1285 1642 1338 1704 καὶ
1353 1640 1456 1705 παίιυ

338 1747 499 1823 οίπαιταίν,
523 1744 724 1812 αντιτίθεταί
746 1771 802 1831 μοι
817 1747 838 1833 'l‘
853 1757 912 1812 τοῦ
935 1755 1031 1832 pantu
1048 1747 1257 1835 παραγραφή.
1295 1755 1326 1814 4.
1350 1746 1453 1832 Ἕχρε-
1466 1763 1491 1812 4.

338 1851 434 1918 εόστει
457 1878 504 1928 τις
520 1853 590 1937 ἐμοί
605 1855 836 1943 ρνομίσματα,
858 1853 1004 1944 απήτουν
1023 1853 1124 1920 αὐτὸν
1139 1852 1176 1920 τό
1192 1854 1294 1942 χρέος.
1330 1854 1454 1940 ήρνεϊτο

338 1959 457 2036 ἐκεῖνος
484 1959 521 2026 τό
549 1960 740 2043 ἐποφείίειν.
793 1959 893 2044 ὅρκου
920 1960 1007 2049 αδτῷ
1034 1960 1207 2047 ἐπήγαγον.
1262 1957 1386 2043 ὥμοσεν
1413 1959 1455 2035 ας

287 2079 318 2128 15
339 2065 437 2131 οὐδὲν
474 2080 639 2154 χρεωστεϊ·
672 2066 769 2134 οὐδὲν
803 2066 903 2154 ἦττον
938 2067 1072 2155 έρρωταί
1104 2093 1159 2152 μοι
1191 2067 1210 2132 ό
1239 2068 1452 2149 υουδίυίίυὶυε,

339 2171 441 2261 ὥςπερ
465 2173 525 2262 γὰρ
549 2173 587 2240 τό
611 2181 735 2259 ματαίου,
759 2172 844 2240 οὕτω
868 2173 964 2240 καὶὸ
988 2171 1084 2263 ὅρκος
1100 2177 1169 2260 ipso
1190 2175 1256 2240 iure
1274 2171 1312 2239 οὐ
1329 2174 1453 2238 διαλύει

336 2277 394 2366 τήν
416 2279 554 2366 αγωγήν.
601 2280 672 2346 αλλ’
694 2279 807 2367 ἐπειδὴ
832 2279 960 2347 ἄτοπόν
983 2281 1050 2347 ἐστι
1072 2279 1226 2346 κινοῦντα
1249 2305 1287 2364 με
1310 2281 1451 2362 ἐλέγχειν

336 2382 438 2452 αὐτοῦ
453 2385 514 2472 τήν
528 2387 706 2476 ἐπιορκίαν,
729 2388 931 2453 α’ντιτίδεταί
946 2412 1002 2472 μοι
1017 2386 1216 2476 παραγραφή
1230 2387 1250 2473 ή
1266 2396 1325 2453 τοῦ
1342 2383 1452 2474 ὅρκου.

336 2493 416 2578 λέγει
443 2492 547 2580 γὰρό
577 2493 781 2580 έναγόμενος·
806 2493 906 2558 «αλλ’
928 2499 959 2560 εἰ
992 2493 1039 2581 μή
1075 2491 1206 2579 αίμοσα
1238 2494 1359 2580 μηδέν
1393 2515 1453 2559 σοι

283 2617 317 2667 ‘20
335 2599 590 2685 ἐποφείίεινι.
637 2601 676 2668 οδ
701 2601 806 2685 μόνον
830 2603 867 2666 δέ
890 2601 1037 2668 ἐπὶτῶν
1063 2604 1271 2687 μθῑεουυίίῶα
1298 2600 1452 2681 α’γωγῶν,

334 2707 419 2772 αλλὰ
441 2709 496 2772 καὶ
519 2709 572 2772 ἐπὶ
600 2707 669 2773 τῶν
692 2711 723 2774 in
746 2731 812 2774 rem
841 2709 997 2774 δύνανται
1024 2707 1256 2774 αντιτίδεσθαι
1283 2706 1316 2771 αἳ
1344 2734 1450 2795 παρα-

334 2819 472 2899 γραφαί·
497 2814 577 2880 οίον.
613 2815 752 2902 ἐκράτεις
775 2818 913 2903 πρᾶγμα
938 2816 1096 2903 διαφέρον
1118 2825 1155 2904 τῇ
1179 2814 1236 2904 ἐμή
1261 2815 1450 2896 δεσποτεία·

334 2917 429 3008 Ιήτυον
451 2923 547 2988 τοῦτο
571 2922 681 3005 λαβεῖν
704 2922 795 3010 παρα
819 2943 886 2988 σου.
933 2920 972 2988 σι)
994 2920 1092 2988 τοῦτο
1117 2922 1296 3005 διεβεβαίου
1317 2924 1373 3009 τής
1394 2931 1451 3008 σῆς

333 3031 415 3092 εἶναι
432 3029 629 3104 δεσποτείας.
665 3026 762 3117 όρκον
777 3027 943 3115 ἐπήγαγον
959 3032 1033 3117 περὶ
1049 3029 1182 3094 τοῦτου·
1208 3024 1335 3112 δίμοσας
1359 3048 1449 3094 σεαυ-

282 3150 314 3200 ‘25
334 3133 394 3200 τόν
416 3138 498 3200 εἶναι
522 3135 693 3222 δεσπότην.
739 3133 798 3201 ἐὰν
821 3135 909 3201 ἔλθοι
933 3134 1013 3220 μετα
1037 3138 1142 3200 ταῦτα
1164 3138 1265 3200 κινῶν
1285 3135 1368 3201 κατα
1392 3156 1449 3201 σου

333 3241 390 3328 τήν
412 3243 445 3307 in
467 3264 533 3308 rem
559 3241 705 3330 (ἁρμόζει
726 3242 787 3330 γαρ
811 3266 866 3327 μοι
888 3241 985 3308 οὐδὲν
1007 3241 1119 3328 ἦττον·
1145 3241 1300 3330 οὐδὲγὰρ
1317 3242 1335 3308 ό
1354 3241 1449 3331 ὅρκος

334 3347 520 3435 απέσβεσεί)
537 3347 597 3435 τήν
620 3347 720 3416 οὖσαν
737 3352 816 3436 παρ’
832 3349 902 3433 ε’μοί
925 3350 1144 3434 δεσποτείαν),
1168 3348 1370 3414 α’ντιτίθεταί
1393 3373 1449 3433 μοι

333 3454 388 3519 δια
412 3454 449 3522 τὸ
474 3454 567 3542 φύσει
595 3457 724 3522 δίκαιον
746 3456 841 3543 ήτοῦ
866 3453 964 3544 ὅρκου
988 3456 1199 3545 παραγραφή.
1247 3463 1276 3522 5.
1300 3455 1449 3543 Ἐκίνησα
1460 3471 1484 3520 5.

333 3559 414 3626 κατά
442 3581 500 3626 σου
522 3562 558 3628 ἐν
585 3563 808 3651 δικαστηρίφὸ)
836 3561 896 3648 τήν
924 3561 1132 3648 ἁρμόζουσαν
1159 3587 1229 3647 μοι,
1256 3562 1405 3650 ἡττήθην
1426 3561 1450 3649 ή

281 3667 393 3753 3οέγώ
416 3667 515 3745 αδτός
539 3671 753 3757 συναρπαγεὶς
768 3667 788 3757 ή
802 3672 861 3734 τοῦ
885 3670 1041 3735 δικαστοῦ
1062 3668 1164 3746 κακῶς
1181 3669 1447 3756 αποφηναμένου.

334 3773 367 3838 αί
383 3776 442 3858 μὲν
464 3773 588 3860 όγοιγαὶ
608 3777 758 3861 μένουσιν
774 3775 831 3841 ἐπὶ
845 3779 902 3861 τῆς
918 3779 1033 3852 οἰκείας
1056 3775 1175 3857 ίσχόος,
1199 3779 1227 3841 εί
1242 3777 1280 3840 δὲ
1294 3778 1448 3864 πειραθῶ

422 3990 442 4055 1)
461 3992 508 4056 τῆς
526 3987 697 4061 αναργυρίας
716 3989 758 4044 ad.
778 3989 821 4042 [δ.
929 3989 951 4057 2)
970 3990 1010 4050 εἷς
1031 3992 1138 4045 διετίαν
1156 3989 1200 4043 Vi.
1219 3990 1252 4043 R.
1359 3990 1382 4054 3)
1401 3993 1447 4058 τῆς

332 4079 382 4129 ins.
403 4077 447 4130 Vi.
466 4077 499 4130 R.
607 4078 629 4142 ⁴)
649 4080 679 4132 δὲ
697 4079 747 4132 ins.
768 4078 811 4130 Vi.
831 4079 864 4131 R.
936 4079 958 4137 ⁵)
977 4077 1003 4132 d.
1023 4078 1066 4131 Vi.
1086 4079 1119 4131 R.
1238 4078 1263 4146 6)
1282 4077 1315 4130 Μ.
1336 4077 1379 4130 Vi.
1399 4078 1444 4131 R.:

333 4171 384 4218 oet.
405 4166 495 4220 εἰσέτι.
604 4166 625 4233 ⁷)
645 4165 737 4236 έπεσβ.
757 4166 800 4219 Vi.
821 4165 854 4220 G.
961 4166 983 4231 ⁸)
1003 4165 1028 4220 d.
1048 4165 1092 4219 vi.
1111 4166 1143 4220 R.
