3370 5350
861 347 1093 425 :25⁸-

421 539 656 626 κληρονομίινῑ)
676 540 852 626 εᾶἐίθίιθίυ,
881 543 976 630 δμέν
1005 543 1090 631 παρὰ
1119 546 1245 632 γνώμην
1276 543 1332 608 τοῦ
1359 542 1538 627 ἐπιτρόπου,

422 641 499 710 δδὲ
520 643 589 732 δίγα
611 652 666 733 τῆς
687 646 742 712 τοῦ
755 647 922 714 amaros
935 649 1150 726 συναινέσεως,
1173 647 1210 712 οὐ
1226 647 1373 712 δύναται..
1397 650 1427 710 4.
1438 639 1539 710 Ἔστιν
1554 665 1578 717 4.

422 746 525 834 εὑρεῖν
547 747 638 830 θέμυ,
661 747 738 816 ἔνθα
761 773 805 828 τις
825 751 902 814 κατὰ
921 751 980 836 μέν
1007 752 1061 815 τὸν
1088 749 1195 836 καιρδν
1224 756 1279 837 τῆς
1307 751 1454 835 τελευτῆς
1485 746 1541 814 οὔκ

424 845 507 912 ἐστιν
526 845 559 912 in
580 854 741 936 potestate
764 855 817 916 τοῦ
841 855 972 938 πατρὸς,
999 853 1112 936 γίνεται
1140 852 1176 916 δὲ
1200 853 1287 936 ὅμως
1316 850 1405 938 αὐτῷ
1411 851 1436 935 ²)
1465 853 1540 918 sssos

387 951 623 1038 ὅκληρονόμος,
638 953 727 1016 οἷον·
750 956 767 1017 ό
790 955 866 1040 ἐμὸς
888 957 951 1030 υίὸς
973 955 1032 1019 ίιπδ
1047 961 1108 1018 τῶν
1130 956 1283 1036 πολεμίων
1306 951 1439 1041 ἐλήφθη,
1460 954 1542 1038 μετὰ

374 1051 378 1064 ’
421 1053 534 1140 ’χρόνον
556 1055 612 1140 τῆς
633 1053 711 1140 ἐμῆς
733 1057 908 1142 τελευτῆςέ)
931 1057 1121 1140 ὑπέστρεφε·
1143 1055 1179 1118 τδ
1201 1055 1318 1119 δίκαιον
1347 1054 1402 1118 τοῦ
1429 1055 1541 1140 postli-

422 1153 523 1220 minia
544 1157 625 1222 asson
646 1158 739 1222 αὐτὸν
761 1157 905 1222 ἀποτελεῖ
922 1159 1129 1245 κληρονόμον,
1161 1159 1255 1221 καίτοι
1276 1158 1463 1231 θπεξούοιον
1486 1159 1542 1222 οὐκ

424 1256 498 1321 ὄντα
517 1279 579 1340 μου
601 1260 785 1342 κατὰτδνέ)
806 1260 915 1343 καιρὸν
938 1263 1021 1348 τῆςί)
1043 1264 1197 1348 τελευτῆς.
1243 1263 1273 1326 5.
1308 1261 1364 1324 Καὶ
1394 1263 1483 1324 πάλιν
1508 1262 1542 1324 ἐκ
1559 1271 1583 1322 5.

423 1365 478 1426 τοῦ
501 1360 638 1430 ἐναντίου
659 1363 821 1448 συμβαίνει
844 1363 920 1428 εἶναι
939 1365 996 1448 μέν
1019 1387 1084 1428 τινα
1106 1364 1139 1426 ἐν
1167 1367 1206 1451 τῆ
1233 1363 1292 1450 ἐμῆ
1312 1362 1440 1448 familia
1464 1366 1543 1427 κατὰ

376 1471 409 1523 10
425 1463 479 1532 τδν
502 1464 608 1552 καιρδν
630 1471 685 1554 τῆς
707 1466 785 1553 ἐμῆς
805 1471 964 1553 τελευτῆς,
986 1468 1067 1532 εδοιι
1093 1467 1129 1530 δὲ
1154 1468 1197 1552 μῆ
1225 1464 1364 1548 γίνεσθαι
1392 1465 1542 1552 κληρονό-

422 1591 493 1652 μον,
516 1567 596 1632 οἷον·
619 1566 798 1654 ἐτελεύτησε
819 1567 942 1634 Primos
964 1567 1143 1641 ὑπεξοόσων
1173 1566 1252 1654 ἔχων
1281 1568 1361 1646 υἱὸν,
1383 1569 1464 1648 μετὰ
1488 1568 1542 1654 τῆν

376 1655 379 1662 ’
426 1671 521 1735 αὐτοῦ
542 1658 685 1758 τελευτὴν
711 1670 849 1757 άπετέθη
871 1670 1039 1758 κατηγορία
1068 1671 1144 1734 κατά
1174 1674 1228 1733 τοῦ
1256 1670 1542 1754 τελευτῆσαντοςῆ,

426 1774 583 1857 ἐπάγουσα
605 1775 638 1838 τδ
661 1777 717 1860 τῆς
740 1773 918 1858 τυραννίδος
940 1771 1074 1860 ἔγκλημα
1102 1776 1152 1860 (τῆ
1173 1774 1234 1858 γὰρ
1258 1771 1471 1859 τελευτῇτῶν
1496 1772 1542 1852 ἐγ-

426 1878 587 1964 κλημάτων
608 1877 896 1961 δποσβεννυμένων,
919 1880 1009 1940 τοῦτο
1031 1879 1080 1940 καὶ
1107 1877 1184 1941 κατὰ
1212 1877 1427 1940 τελευτώντων
1456 1878 1542 1937 κινεῖ·

377 1978 410 2031 15
427 1981 531 2064 ταδ’),
554 1979 756 2066 ἀπεδεξγθηῧ)
779 1979 928 2064 τύραννος
950 1980 967 2042 ό
990 1978 1120 2056 Ρτίοιοε,
1143 1981 1249 2066 ψῆφος
1273 1976 1427 2066 ἐξηνέχθη
1451 1975 1545 2039 τοῦτο

425 2082 603 2170 μηνύουσα·
623 2083 643 2144 δ
666 2083 774 2166 φίσκος
795 2083 848 2168 τῆν
870 2081 979 2145 τούτου
1001 2079 1176 2168 διαδέχεται
1198 2081 1384 2165 περιουσίαν,
1405 2083 1454 2144 καὶ
1469 2104 1546 2164 συμ-

376 2243 379 2250 .
426 2185 528 2268 βαίνει
550 2186 601 2248 τὸν
623 2185 805 2258 θπεξούσιον
826 2184 920 2246 αὐτοῦ
941 2183 1132 2270 κληρονόμον
1150 2184 1195 2269 μὴ
1217 2182 1370 2264 γίνεσθαι.
1393 2182 1464 2246 ἀλλ’
1489 2183 1546 2246 ἐάν
1657 2173 1658 2232 ἷ

428 2311 473 2366 ιτς
494 2291 527 2352 τδ
549 2287 678 2370 άκριβές
699 2286 843 2374 ἐξετάσῃ,
866 2287 943 2374 αυίῆ
962 2288 1019 2372 μὲν
1042 2289 1079 2372 τῆ
1101 2287 1244 2372 ἀκριβείᾳ
1263 2285 1313 2372 ῆθ)
1330 2287 1440 2370 καὶτῷ
1456 2285 1546 2372 νόμῳ
1657 2275 1658 2304 ³

428 2391 541 2476 γίνεται
563 2388 763 2476 κληρονόμος,
785 2389 914 2452 παύεται
935 2389 971 2452 δὲ
991 2387 1181 2476 κληρονόμος
1207 2387 1299 2465 εἶναι,
1329 2392 1383 2474 τῆς
1410 2391 1464 2450 τοῦ
1490 2411 1548 2452 πα-

369 2501 413 2558 20
428 2497 503 2580 τρὸς
524 2489 618 2556 αὐτοῦ
637 2495 761 2580 μνῆμης
783 2490 1070 2577 καταδικασθείσης.
1113 2489 1195 2553 Ἰδοῦ
1219 2489 1319 2553 τοίνυν
1342 2489 1435 2572 θέμα,
1458 2491 1496 2554 ἐν
1519 2488 1549 2580 ᾧ

429 2596 465 2661 ’τδ
487 2597 654 2680 ἀσώματον
681 2595 818 2679 ἐμπαγέν
848 2619 902 2658 τινι
928 2599 984 2682 τῆς
1012 2595 1216 2681 κληρονομίας
1243 2593 1387 2679 ὅνομαέο)
1417 2597 1548 2680 ἀφίστα-

428 2716 478 2763 ται
499 2697 648 2780 aeman).
693 2699 722 2761 6.
755 2699 782 2760 ⁸)
797 2697 890 2772 Τιτιός
918 2695 1007 2778 regn)
1036 2693 1116 2782 ἔχων
1146 2697 1210 2758 υίδν
1237 2697 1419 2770 δπεξοόσιον
1446 2697 1546 2784 ῆγουν
1564 2711 1590 2762 6.

377 2837 381 2867 ι
429 2799 601 2886 θυγατέρα,
623 2803 670 2864 καί
691 2800 753 2863 ἀπὸ
775 2801 841 2864 υἱοῦ
863 2800 1165 2886 προτελευτῆσαντος
1190 2797 1314 2880 ἔκγονον
1337 2799 1357 2886 ῆ
1384 2801 1432 2864 καὶ
1460 2798 1550 2880 ἐκγό-

430 2926 494 2989 νην,
517 2902 715 2989 ἐτελεύτησεν
737 2901 918 2976 ἀδιάθετος·
940 2900 1064 2986 ῆξουστν
1085 2899 1133 2964 ἐπὶ
1154 2898 1208 2964 τὸν
1231 2903 1343 2988 κλῆρον
1363 2903 1458 2966 αὐτοῦ
1482 2903 1550 2986 &za

374 3009 415 3068 ²5
431 3006 455 3079 θ,
471 3005 651 3094 υίδςιῆγουν
672 3007 691 3092 ῆ
715 3003 855 3089 θυγάτηρ
879 3003 970 3086 καθ’)
993 3001 1055 3066 ἀπὸ
1079 3002 1132 3066 τοῦ
1148 3006 1454 3092 προτελευτῆοαντος
1477 3005 1546 3068 υίοῦ
1655 2997 1659 3020 ‘

431 3105 556 3190 ἐκγονος
577 3105 673 3194 ῆγουν
699 3105 823 3192 ἐκγόνη,
850 3107 900 3168 καὶ
928 3104 1002 3168 οὐδὲ
1029 3106 1046 3168 δ
1075 3104 1242 3188 ἐγγύτερος
1270 3105 1314 3168 ὢν
1345 3109 1389 3194 τῷ
1415 3105 1551 3191 βαθμῴ,

430 3208 585 3274 τουτέστιν
607 3211 624 3272 ό
647 3209 711 3282 υίὸς
733 3209 911 3292 &nomem
934 3209 985 3271 τὸν
1014 3207 1173 3273 ἐπέκεινα
1201 3207 1314 3270 δίκαιον
1344 3207 1405 3290 γὰρ
1435 3205 1548 3280 ἔδοξεν

431 3311 553 3397 ελναιη)
576 3311 646 3386 τοδς
667 3310 812 3395 ἐκγόνους
833 3311 882 3374 καὶ
904 3310 957 3384 τὰς
979 3309 1106 3393 ἐκγόνας
1126 3311 1172 3386 είς
1193 3310 1247 3395 τῆν
1275 3309 1330 3372 τοῦ
1352 3309 1466 3376 ολκείου
1491 3333 1550 3374 πα·

434 3488 634 3502 —..-—-—

499 3590 524 3655 1)
540 3585 620 3656 ξένην
638 3584 680 3639 εδ.
698 3583 739 3638 Vi.
758 3583 791 3638 R.
891 3583 914 3648 ἱ)
932 3583 991 3637 αδτ.
1008 3583 1050 3645 ὀμ.
1070 3581 1100 3635 V.
1185 3583 1208 3649 ³)
1225 3581 1429 3651 ἐλευθερωθεὶς
1446 3583 1497 3637 ins.
1518 3581 1551 3635 V.

431 3676 456 3741 ⁴)
472 3672 497 3726 (L
515 3672 554 3726 M.
572 3669 603 3724 V.
621 3669 670 3724 1¹³².
804 3670 828 3734 ί)
845 3668 911 3738 ἐμῆς
927 3667 975 3722 ins.
994 3667 1045 3721 Ll.
1060 3667 1109 3720 M.
1252 3668 1277 3734 6)
1296 3671 1435 3728 -τῶντος
1453 3669 1497 3724 vi.
1516 3669 1552 3723 R.

433 3755 531 3830 7)οίον
550 3755 666 3811 ins.11⁶.
767 3753 791 3818 8)
809 3753 946 3823 ἀνηνέχθη
964 3752 1014 3806 Ιιΰ.
1114 3751 1138 3818 ⁹)
1155 3751 1179 3806 δ.
1198 3753 1239 3806 Vi.
1257 3752 1290 3806 R.
1393 3755 1430 3822 1⁰)
1448 3754 1482 3806 τὸ
1503 3754 1549 3808 ἀσ.

432 3848 482 3914 τῆς
498 3843 537 3896 κλ.
554 3841 594 3896 δν.
612 3841 673 3904 ἐμτ.
690 3840 743 3893 τινί
757 3839 800 3894 vi.
818 3839 849 3893 F.
868 3838 900 3894 R.
1025 3839 1060 3906 11)
1078 3838 1130 3890 ἀπ’
1148 3839 1231 3890 αὐτοῦ
1249 3838 1291 3892 vi.
1308 3838 1342 3892 R.
1468 3840 1505 3909 l²)
1524 3841 1551 3895 d.

432 3929 476 3986 vi.
494 3928 526 3983 R.
644 3926 680 3995 ¹³)
698 3925 713 3979 ὁ
729 3925 777 3980 ins.
797 3923 838 3981 Vi.
856 3924 889 3980 R.
1007 3925 1042 3993 ¹⁴)
1060 3923 1195 3977 ἀποκλείει
1213 3923 1253 3977 vi.
1271 3923 1304 3978 R.
1424 3927 1459 3996 1⁵)
1478 3923 1551 3988 ὥςτε

430 4015 483 4072 ine·
500 4014 542 4069 Vi.
559 4013 592 4069 R.

502 4132 783 4204 οαωωω
