3384 5314
627 414 867 476 —491-

156 587 332 670 napprime
361 588 439 653 disci
463 595 603 672 possunt.
650 589 905 654 arumnorum
935 588 1118 653 iudiciorum
1147 587 1303 668 quaedam

191 713 377 796 capitalia
422 720 505 796 sunt,
548 713 704 795 quaedam
747 735 819 778 non
862 713 1060 796 capitalia.
1120 712 1305 796 capitalia

192 838 337 920 dicimus,
387 859 469 920 quae
517 839 625 903 ultimo
675 839 829 922 supplicio
877 859 965 903 reum
1014 838 1176 920 adficiunt,
1224 838 1306 902 idest

192 964 276 1050 uitae
300 964 482 1045 amissione,
511 965 563 1028 uel
586 983 688 1046 aquae
713 969 744 1028 et
767 963 849 1046 ignis
879 963 1096 1028 interdictione
1119 963 1171 1026 uel
1195 963 1305 1046 depor-

191 1089 309 1154 tatione
333 1089 386 1154 uel
413 1089 550 1153 metallo.
596 1095 703 1154 cetera
730 1109 805 1153 uero
834 1089 962 1172 publica
989 1088 1120 1170 iudicia,
1150 1108 1233 1168 quae
1261 1088 1305 1151 in·
1343 1101 1358 1150 0

191 1214 319 1278 famiam
336 1214 483 1297 inrogant
495 1234 565 1279 oum
577 1233 682 1297 poena
693 1213 887 1296 pecuniaria,
911 1213 994 1278 inter
1010 1213 1164 1296 publica
1181 1212 1306 1292 quidem

157 1349 181 1397 3.
191 1345 402 1419 recensentur,
419 1359 483 1403 non
499 1344 603 1403 autem
619 1339 700 1402 inter
716 1338 874 1422 capitalia.
914 1341 942 1404 3.
960 1337 1092 1421 Oportet
1108 1338 1213 1402 omnia
1228 1338 1307 1400 haec

191 1463 319 1546 publica
334 1463 451 1527 iudicia
467 1483 660 1528 enumerare.
696 1469 743 1527 est
761 1463 814 1526 lex
828 1461 911 1526 Iulia
934 1463 979 1526 de
1002 1463 1203 1526 maiestate
1225 1481 1306 1541 quae

192 1589 303 1652 ineos
327 1587 488 1670 competit,
519 1587 573 1669 qui
600 1593 709 1651 contra
733 1587 953 1670 imperatorem
976 1587 1028 1651 uel
1055 1607 1121 1651 rem
1148 1587 1307 1669 publicam

193 1711 312 1793 aliquid
334 1712 435 1777 moliti
459 1719 538 1776 sunt.
584 1712 675 1776 huius
699 1718 805 1776 autem
828 1732 932 1795 poena
955 1719 1003 1776 est
1026 1711 1111 1775 uitae
1140 1711 1307 1794 ademptio.
1328 1722 1361 1772 10

192 1837 225 1900 id
241 1844 345 1901 autem
362 1837 521 1920 iudicium,
545 1837 637 1902 aienti
658 1838 744 1902 initio
760 1838 832 1900 111³0
847 1837 1053 1902 Institutionis
1075 1837 1218 1918 (1111111100,
1237 1845 1308 1920 post

157 1968 322 2028 4110110111
358 1982 481 2042 quoque
516 1963 686 2046 perduellis
722 1963 863 2026 exerceri
890 1963 977 2026 solet.
1024 1967 1052 2027 4.
1075 1962 1133 2026 Est
1155 1962 1229 2025 item
1256 1962 1309 2025 lex

193 2087 272 2151 Iulia
296 2087 338 2150 de
363 2087 579 2168 adulteriis,
605 2107 687 2168 quae
709 2107 772 2151 non
788 2087 888 2151 solum
906 2091 1111 2156 temeratores
1136 2087 1308 2150 alienarum

192 2211 371 2294 nuptiarum
401 2212 504 2294 punit,
540 2232 656 2292 eosque
685 2211 816 2294 capitali
843 2211 996 2294 supplicio
1026 2211 1145 2292 adlicit,
1182 2218 1230 2275 set
1253 2231 1308 2275 eos

194 2356 317 2417 quoque
337 2337 476 2417 quicum
492 2337 640 2400 masculis
655 2337 831 2400 miscentur.
867 2336 978 2400 eadem
995 2337 1047 2400 lex
1064 2335 1164 2418 stupri
1185 2355 1307 2415 quoque
1329 2343 1361 2394 10

192 2460 346 2544 flagitium
382 2467 521 2544 coercet,
555 2481 625 2525 cum
654 2461 724 2541 quis
759 2461 827 2525 sine
855 2461 887 2524 ui
915 2460 1069 2543 uirginem
1097 2460 1149 2524 uel
1183 2460 1309 2523 uiduam

193 2586 323 2650 honeste
347 2586 507 2650 uiuentem
524 2586 707 2675 comperit,
732 2591 764 2649 et
778 2586 1021 2670 publicationem
1038 2586 1137 2667 partis
1161 2584 1309 2648 dimidiae

194 2713 345 2774 bonorum
369 2711 428 2791 his,
455 2711 509 2791 qui
532 2710 686 2774 eiusmodi
707 2710 830 2793 flagitia
853 2710 1054 2789 admiserunt,
1082 2709 1216 2790 inrogat.
1262 2709 1310 2773 sin

195 2841 299 2900 autem
324 2835 448 2899 humilis
472 2855 608 2918 persona
624 2835 703 2898 talia
718 2834 957 2918 perpetrauerit,
982 2854 1051 2898 cum
1068 2834 1208 2917 corporis
1224 2854 1310 2899 coer-

159 2980 183 3030 0.
195 2960 309 3024 01110110
333 2980 402 3024 eam
426 2961 557 3041 relegat.
603 2963 634 3026 5.
651 2960 759 3024 Tertia
775 2967 822 3024 est
838 2959 890 3022 lex
907 2958 1054 3023 Cornelia
1071 2959 1115 3022 de
1140 2958 1309 3039 sicariis,
1330 2969 1364 3020 ‘20

195 3104 275 3164 quae
299 3084 473 3149 homicidas
496 3085 579 3148 ferro
604 3085 802 3167 persequitur
829 3084 881 3146 uel
909 3103 964 3148 eos
993 3083 1046 3163 qui
1072 3082 1205 3146 hominis
1230 3083 1310 3146 occi-

195 3208 289 3272 dendi
321 3210 425 3291 gratia
452 3229 522 3273 cum
554 3209 617 3273 telo
651 3208 821 3273 ambulant.
867 3209 951 3289 quod
979 3214 1083 3271 autem
1110 3207 1143 3270 in
1171 3207 1310 3271 eiusdem
1344 3189 1348 3200 ⁴

194 3339 281 3398 textu
296 3333 410 3397 telum
434 3334 619 3415 nominatur,
642 3333 675 3396 id
692 3333 790 3398 Gaius
810 3334 842 3396 in
859 3332 1088 3396 Commentario
1105 3351 1172 3413 suo,
1197 3331 1229 3395 in
1250 3352 1311 3411 quo

194 3459 296 3540 legem
331 3459 393 3521 Xll
420 3459 598 3523 tabularum
634 3458 870 3541 interpretatur,
902 3459 946 3522 ait
978 3458 1073 3540 uulgo
1108 3477 1171 3521 11011
1210 3457 1310 3520 solum
