3164 5338
531 415 762 480 „343-

60 601 92 653 2⁰·
100 598 202 678 decern
225 597 310 681 quod
326 599 429 664 uoluit
449 604 666 682 consequetur.
701 603 750 666 20.
774 599 809 666 Si
830 619 907 668 uero
928 601 1046 668 nullam
1067 619 1200 684 poenam

99 718 282 801 stipulationi
303 720 422 786 inserat
442 719 619 803 stipulator,
642 739 701 786 sua
721 725 828 787 autem
849 721 983 800 intersit,
1005 721 1125 804 placuit
1146 721 1200 787 sti·

98 839 278 920 palationem
299 839 415 904 ualere.
449 840 476 904 si
498 857 582 921 ergo,
604 839 710 905 Primo
733 845 765 904 et
784 839 927 905 Secundo
949 840 1107 906 tutoribus
1130 859 1201 905 con-

97 958 221 1035 stitutis,
251 957 375 1024 Primus
398 957 541 1024 Secundo
569 959 725 1024 contutori
748 957 1018 1026 administratione
1040 959 1145 1038 cedat,
1169 964 1201 1024 et

96 1078 256 1160 stipuletur
277 1079 317 1144 ab
338 1098 374 1146 eo
397 1079 517 1144 salum
540 1083 573 1144 et
598 1079 784 1144 incolumem
806 1079 916 1161 pupilli
938 1098 1004 1145 rem
1026 1077 1102 1158 fore,
1125 1091 1234 1161 quo-5

95 1198 170 1263 niam
191 1198 325 1264 interest
350 1199 545 1281 stipulatoris
574 1197 650 1264 haec
671 1197 739 1264 fieri
767 1201 940 1282 (teneretur
969 1198 1051 1264 enim
1079 1198 1201 1264 actione

94 1317 221 1398 tutelae,
250 1318 278 1384 si
300 1317 463 1384 Secundus
484 1318 566 1384 male
587 1335 638 1384 res
660 1317 824 1400 gesserit),
847 1318 934 1382 ualet
954 1317 1133 1400 stipulatio,
1155 1317 1202 1382 ita

94 1442 126 1501 ut
150 1443 180 1503 et
207 1438 313 1504 Primo
343 1438 497 1505 aduersus
519 1437 697 1504 Secundum
724 1436 880 1504 efficacem
907 1437 1060 1503 actionem
1086 1437 1200 1520 pariat

92 1556 230 1623 similiter
258 1559 339 1624 etsi
366 1559 436 1641 quis
466 1559 664 1641 procuratori
692 1577 750 1623 suo
777 1577 828 1623 me
856 1557 1004 1623 daturum
1031 1557 1201 1639 stipulatus

91 1676 136 1756 sit,
158 1678 247 1743 ualet
268 1677 440 1761 stipulatio.
479 1677 559 1744 forte
582 1678 664 1744 enim
686 1681 760 1743 tuus
782 1682 969 1760 procurator
990 1677 1064 1742 alibi
1086 1675 1201 1759 degens
1222 1687 1253 1738 ιο

91 1797 236 1878 pecuniae
266 1797 427 1880 indigebat
456 1797 496 1862 ad
528 1797 695 1880 uectigalia
727 1795 878 1864 soluenda
910 1794 1030 1862 uelud
1062 1795 1202 1863 aedificia

90 1917 295 1983 restauranda
316 1919 368 1984 uel
395 1917 436 1983 ad
464 1917 578 1984 modos
600 1918 800 1984 excolendus:
831 1937 918 1983 ame
939 1917 1000 1982 iter
1021 1935 1057 1982 eo
1079 1915 1201 1982 facturo

89 2037 256 2120 stipulatus
299 2056 346 2104 es:
401 2038 645 2121 »spondesne
688 2038 783 2103 dare
825 2037 1077 2121 procuratori
1120 2054 1201 2106 meo

89 2172 230 2222 aureos
246 2155 308 2221 (bi
330 2174 401 2223 ecca
416 2157 498 2223 enim
519 2176 590 2223 mea
604 2175 731 2239 quoque
751 2157 899 2237 interest;
921 2175 994 2222 nam
1015 2156 1042 2222 si
1056 2173 1205 2240 procura-

87 2275 145 2339 tori
166 2293 239 2340 meo
260 2277 393 2360 pecunia
413 2295 476 2343 non
498 2277 605 2356 detur,
634 2296 671 2342 ex
699 2277 766 2342 eius
794 2277 900 2359 inopia
922 2277 1035 2342 damno
1064 2276 1200 2342 adficior.
1222 2285 1252 2336 lo

87 2393 166 2460 idem
189 2372 241 2461 est
262 2395 289 2461 si
303 2396 490 2462 creditorem
504 2397 630 2473 habeas
654 2397 705 2462 cui
726 2396 808 2461 forte
829 2416 879 2462 res
902 2402 974 2462 tuas
995 2396 1117 2480 pigneri
1138 2399 1202 2460 tra

87 2513 216 2594 dideris,
240 2521 273 2580 et
294 2520 331 2580 ut
352 2534 405 2580 eas
428 2515 579 2581 uenderet
600 2515 655 2580 ubi
676 2533 738 2579 non
761 2516 900 2582 solueres
923 2515 1127 2593 concesseris,
1149 2513 1201 2579 uel

85 2634 179 2700 etiam
201 2654 336 2718 poenam
362 2637 557 2720 promiseris3
584 2655 657 2702 narn
685 2637 712 2704 si
734 2656 754 2702 a
781 2656 831 2703 me
853 2636 1026 2720 stipularis:
1057 2633 1200 2699 »credi-

85 2754 159 2818 tori
181 2771 264 2820 meo
291 2759 349 2822 tot
375 2775 523 2822 aureos
552 2754 648 2822 dare
675 2756 904 2838 spondcsul,
935 2753 1055 2837 egoque
1081 2754 1113 2820 id
1138 2772 1201 2820 non

84 2871 215 2955 luciam,
239 2876 371 2942 tenebor
391 2877 449 2942 tibi
475 2878 508 2941 iu
529 2876 571 2956 id,
594 2877 683 2942 cuius
705 2877 852 2956 interest,
880 2875 934 2941 ubi
960 2875 1108 2940 damnum
1133 2893 1202 2938 sen·
1219 2883 1252 2934 20

84 2994 172 3073 seris,
198 2995 380 3077 pigneribus
396 2995 556 3062 distractis
578 2995 629 3061 uel
645 3014 746 3078 poena
768 2995 941 3061 commissa.
979 2996 1022 3060 Et
1036 2995 1112 3059 haec
1134 2994 1201 3076 qui-

40 3121 75 3174 21.
84 3115 154 3181 dem
178 3115 220 3181 'de
236 3115 490 3198 stipulationibus
506 3135 587 3198 quae
606 3116 638 3180 in
653 3116 755 3181 dando
779 3115 961 3181 consistunt.
996 3117 1045 3180 21.
1070 3113 1103 3178 si
1125 3132 1201 3179 uero

83 3235 153 3316 quis
177 3236 347 3320 promittat
366 3236 500 3301 alterurn
516 3235 634 3318 aliquid
649 3233 815 3314 facturum,
839 3235 954 3300 ueluti:
980 3235 1109 3300 »illum
1131 3233 1201 3298 tibi

83 3353 235 3420 domum
257 3355 598 3434 aedificaturum«,
622 3355 800 3421 nuullomodo
823 3355 1001 3454 tenebitur,
1020 3355 1080 3420 nisi
1101 3372 1202 3436 poena

81 3471 284 3557 stipulationi
317 3476 490 3554 inseretur,
524 3480 573 3540 est
605 3475 759 3556 quaedam
791 3476 888 3556 igitur
921 3473 1095 3540 differentia
1119 3474 1202 3538 inter
1219 3483 1252 3536 25
