3384 5314
607 450 849 513 -473—

136 635 159 686 3.
172 627 199 690 3.
223 623 342 686 Harum
376 644 452 688 uero
488 625 705 707 exceptionum
739 644 829 688 nsum
864 623 994 687 ulterius
1029 643 1122 703 quam
1151 623 1285 687 diximus

170 749 308 812 uarietas
331 749 528 831 negotiorum
551 750 732 813 introducit:
756 754 861 832 potest
877 749 959 812 enim
978 748 1183 831 triplicationi
1198 769 1286 830 qua-

171 873 403 956 druplicetio
428 873 553 956 opponi.
592 874 680 938 Haec
696 893 771 938 nero
788 873 893 936 omnia
909 893 949 936 ex
964 873 1077 937 latiore
1095 873 1285 954 digestorum

136 1008 159 1058 4.
172 1017 304 1079 corpore
319 999 414 1062 facile
431 1004 479 1062 est
495 1018 694 1080 cognoscere.
729 1003 758 1094 4.
776 997 895 1073 Quibus
912 997 1148 1080 exceptionibus
1165 998 1287 1062 debitor

171 1123 216 1186 uti
239 1129 356 1204 potest,
386 1143 441 1186 eas
471 1124 653 1206 plerumque
684 1129 715 1186 et
741 1123 906 1187 fideiussor
933 1122 1071 1205 opponit.
1119 1127 1150 1186 et
1176 1122 1286 1186 merito
1326 1136 1340 1186 5

171 1247 310 1329 quidem;
335 1269 407 1312 nam
431 1248 477 1328 id,
503 1249 587 1328 quod
611 1269 630 1311 e
652 1248 837 1312 fideiussore
860 1248 990 1330 petitur,
1015 1268 1035 1310 a
1059 1247 1200 1310 debitore
1223 1247 1288 1328 peti

170 1371 308 1453 uidetur3
334 1373 361 1435 si
385 1372 466 1436 enim
489 1372 654 1437 fideiussor
683 1372 827 1453 soluerit,
856 1372 997 1436 mandati
1026 1392 1094 1434 cum
1123 1371 1177 1434 illo
1206 1377 1288 1452 eget.

170 1496 253 1559 unde
278 1497 305 1559 si
329 1503 439 1579 pectus
464 1497 522 1560 sim
534 1464 608 1560 cum
626 1497 767 1561 debitore
791 1517 861 1560 meo
880 1497 918 1559 de
935 1516 997 1559 non
1013 1494 1148 1578 petendo
1173 1495 1288 1569 debito,

170 1622 256 1702 pacti
291 1622 433 1704 exceptio
468 1621 507 1684 iis
542 1641 680 1702 quoque,
716 1621 769 1702 qui
796 1640 853 1703 pro
889 1641 927 1685 eo
963 1640 1032 1684 sese
1069 1619 1288 1700 obligauerint,

172 1745 308 1826 dabitur,
334 1746 463 1829 perinde
487 1753 582 1826 atque
606 1747 633 1810 si
650 1753 758 1829 aperte
782 1745 914 1809 dixerim
939 1749 988 1808 ‘ne
1008 1767 1028 1808 a
1048 1744 1139 1810 uobis
1163 1744 1288 1824 quidem
1309 1755 1342 1806 10

171 1871 309 1934 debitum
324 1871 449 1953 petam'.
485 1871 568 1935 Sene
589 1871 745 1950 quaedam
765 1871 966 1954 exceptiones
988 1876 1068 1947 sunt,
1094 1869 1208 1948 quibus
1224 1887 1287 1931 non

171 2014 271 2076 aeque
296 2015 366 2059 cum
390 1995 532 2059 debitore
560 2001 591 2059 et
616 1996 782 2059 fideiussor
804 1995 924 2058 fruitur.
970 2003 1003 2058 ut
1031 2013 1119 2057 ecce:
1149 1999 1288 2056 mutuum

172 2119 245 2182 dedi
267 2120 371 2183 Primo
400 2127 431 2184 et
454 2119 632 2184 Secundum
658 2119 874 2184 fideiussorem
903 2119 1020 2202 accepi.
1070 2117 1193 2181 Primus
1223 2116 1287 2180 suis

172 2244 262 2307 bonis
286 2244 389 2325 cessit,
412 2233 513 2324 neque
538 2244 657 2324 aliquid
674 2244 874 2308 emolumenti
889 2249 1002 2326 postea
1022 2247 1208 2307 consecutus
1232 2246 1287 2304 est.

172 2368 200 2431 si
223 2389 242 2431 a
266 2388 315 2432 me
339 2369 545 2432 conueniatur
567 2369 682 2451 poterit
706 2369 859 2432 eiusmodi
875 2367 1061 2450 exceptione
1085 2367 1130 2430 uti
1153 2369 1200 2430 ‘at
1214 2363 1288 2428 nisi
1309 2383 1341 2433 15

172 2493 281 2556 bonis
310 2493 437 2568 oessi’,
466 2514 528 2573 quo
555 2513 604 2557 me
628 2514 649 2556 a
671 2493 725 2556 lite
753 2493 886 2575 repellit.
932 2492 1010 2555 haec
1038 2511 1114 2554 uero
1144 2489 1287 2571 exceptio

171 2617 407 2681 fideiussoribus
431 2617 498 2681 eius
521 2637 584 2680 non
606 2617 756 2700 proderit,
781 2616 853 2680 ideo
877 2635 1003 2698 nempe,
1028 2614 1102 2694 quia
1125 2613 1166 2694 is,
1192 2613 1245 2693 qui
1268 2633 1288 2676 a

173 2742 315 2806 debitore
343 2762 399 2806 suo
428 2742 629 2806 fideiussores
654 2741 781 2824 accipit,
809 2741 871 2804 sibi
897 2739 1093 2822 potissimum
1122 2739 1287 2802 consulens

172 2867 243 2931 ideo
261 2867 384 2950 accipit,
400 2873 435 2930 ut
451 2867 479 2930 si
496 2866 619 2930 debitor
635 2886 698 2930 non
714 2865 864 2929 soluendo
883 2865 954 2940 fiat,
970 2864 1071 2946 possit
1086 2863 1287 2927 fideiussores

173 2992 354 3072 conuenire;
379 2992 427 3056 sin
443 2998 548 3056 autem
564 2991 716 3055 cessionis
733 2990 949 3073 exceptionem
965 2988 1140 3052 fideiussori
1164 3007 1287 3067 quoqne
1307 3004 1350 3055 2οἸ

173 3117 296 3197 demus,
332 3116 449 3180 inutilis
485 3115 545 3180 erit
577 3115 653 3180 mihi
688 3135 775 3196 curu,
808 3135 871 3195 qne
905 3113 1107 3178 fideiussores
1143 3111 1287 3193 accipere

172 3241 284 3304 studui.
