3154 5338
518 434 747 496 -313-

55 632 73 682 3.
88 615 195 694 fensor,
225 617 279 697 qui
306 616 345 682 de
371 617 471 682 solido
502 618 708 684 creditoribus
735 622 856 683 caueat.
893 653 928 667 -
964 617 992 681 3.
1022 613 1189 680 Sciendum

85 739 177 799 autem
200 741 249 800 est
269 736 410 819 inprimis
433 737 547 803 totiens
570 737 672 802 locum
686 738 759 802 huic
774 735 990 802 constitutioni
1012 733 1089 813 fieri,
1113 752 1189 816 quo·

85 855 154 920 tiens
174 855 336 922 libertates
359 857 391 920 in
413 861 601 922 testamento
631 858 724 922 datae
746 857 817 922 sint.
863 855 939 937 quid
961 873 1045 935 erge,
1069 854 1096 918 si
1118 853 1188 935 quis

84 975 240 1040 intestatus
262 977 398 1041 moriens
424 977 456 1042 in
484 977 632 1043 codicillis
660 977 822 1044 libertates
845 975 1021 1058 reliquerit,
1045 979 1077 1040 et
1099 992 1189 1039 nemo

83 1094 117 1158 ob
137 1094 285 1161 intestato
307 1096 393 1162 odire
415 1115 511 1162 ausus
534 1097 597 1162 sit?
624 1097 686 1162 huo
716 1117 840 1179 quoque
862 1093 1019 1162 sententia
1040 1094 1225 1162 const'tu-c

84 1213 165 1278 tionis
181 1213 334 1281 trahetur.
369 1217 396 1282 si
412 1217 482 1298 quis
502 1222 608 1282 autem
626 1221 850 1282 testamentum
868 1215 976 1282 fecerit
995 1220 1027 1280 et
1045 1215 1077 1279 in
1096 1217 1192 1279 testa-

82 1338 177 1398 mento
200 1335 355 1400 neminem
377 1335 511 1401 hberum
533 1355 601 1402 esse
627 1336 770 1414 iusserit,
798 1339 848 1400 set
868 1336 900 1399 ln
923 1333 1073 1399 codicillis
1100 1333 1192 1398 liber·

49 1465 67 1514 4.
83 1458 155 1520 tates
170 1454 302 1534 dederit,
325 1457 434 1537 procul
456 1456 550 1521 dubio
567 1457 748 1521 constitutio
764 1455 867 1520 locum
889 1455 1025 1520 habebit.
1056 1456 1088 1533 4.
1113 1453 1193 1518 Oon-

82 1575 246 1640 stitutionis
269 1577 368 1641 uerba
387 1575 557 1642 ostendunt
571 1580 646 1640 tunc
669 1575 697 1641 ei
718 1575 821 1640 locum
844 1593 921 1653 esse,
946 1593 1017 1638 cum
1038 1591 1129 1637 nemo
1153 1572 1192 1636 ab

81 1693 223 1758 intestato
246 1714 407 1761 successor
429 1695 556 1774 existat3
586 1695 694 1776 itaque
722 1693 872 1776 quamdiu
893 1694 1048 1758 incertum
1070 1693 1128 1770 sit,
1153 1665 1192 1756 an
1214 1710 1244 1759 10

81 1815 144 1894 quis
172 1815 265 1880 heres
299 1816 429 1894 existat,
466 1820 569 1880 cessat
595 1815 786 1880 constitutio.
838 1833 908 1879 cum
936 1818 1042 1878 autem
1073 1817 1193 1877 certum

80 1931 130 1996 fiat
149 1934 306 1999 neminem
329 1933 502 2010 aditurum,
525 1938 600 1997 tunc
623 1933 805 1998 constitutio
827 1933 892 1997 uim
914 1951 1004 1998 suam
1027 1932 1190 1998 exercebit.

44 2063 63 2111 a.
80 2054 104 2115 5.
132 2053 280 2118 Mortuus
308 2056 357 2118 est
384 2053 512 2136 qnidam
538 2053 700 2117 libertates
727 2053 759 2116 in
786 2056 975 2116 testamento
1004 2051 1192 2134 rehnquenS,

79 2172 173 2238 minor
196 2172 327 2238 adeius
349 2173 556 2238 hereditatem
578 2177 710 2237 uocatus
733 2176 793 2250 est,
823 2172 878 2253 qui
899 2171 1074 2237 hereditate
1098 2171 1194 2236 absti-

78 2293 150 2372 nuit,
174 2313 216 2358 an
239 2293 329 2380 locus¹
348 2298 397 2358 est
419 2293 656 2358 constitutioni?
683 2312 723 2357 an
745 2297 863 2371 contra,
887 2293 962 2374 quia
983 2312 1039 2374 per
1060 2293 1093 2356 in
1115 2293 1194 2358 inte-
1214 2308 1245 2356 rc

77 2432 164 2494 grum
187 2413 421 2480 restitutionem
442 2433 553 2478 rursus
574 2413 614 2478 ad
628 2413 834 2479 hereditatem
857 2412 965 2476 uenire
987 2416 1101 2494 potest,
1125 2431 1196 2476 con-

78 2534 197 2599 stitutio
222 2535 381 2600 cessabit?
408 2537 440 2599 et
461 2533 591 2599 dicimus
619 2539 703 2598 recte
730 2553 766 2599 ex
789 2533 1012 2599 constitutione
1040 2533 1122 2597 bona
1143 2551 1196 2614 pe-

77 2655 152 2718 tenti
175 2653 289 2732 addici,
313 2653 373 2718 etsi
392 2653 502 2732 minor,
526 2653 580 2734 qui
601 2652 776 2718 hereditate
798 2653 996 2732 abstinuerit,
1019 2673 1076 2736 per
1097 2654 1129 2716 in
1151 2653 1197 2716 in-

77 2776 199 2854 tegrum
222 2773 454 2838 restitutionem
476 2773 669 2854 poenitentia
691 2773 804 2838 ductus
828 2793 898 2839 cam
926 2775 1064 2858 recipere
1086 2774 1194 2856 possit.

77 2894 149 2972 quid
172 2912 251 2974 ergo
273 2894 300 2959 si
321 2897 395 2975 post
416 2893 570 2958 libertatis
592 2892 776 2958 beneficium
799 2898 895 2975 atque
916 2863 1070 2959 bonorum
1093 2894 1198 2958 addic-
1215 2905 1249 2954 20

76 3013 192 3078 tionem
215 3013 319 3077 minor
333 3013 499 3079 restitutus
514 3012 722 3078 hereditatem
741 3011 877 3079 adierit?
900 3033 976 3078 num
998 3033 1080 3096 quae
1102 3013 1198 3079 semel

42 3135 61 3184 6·
77 3133 307 3214 competierunt
321 3132 483 3196 hbertatcs
506 3131 762 3196 reuocabuntur?
784 3151 991 3214 nequaquam.
1012 3171 1047 3178 —
1066 3136 1094 3197 6.
1111 3133 1198 3197 Haec

76 3258 181 3319 autem
205 3252 389 3318 constitutio
405 3252 597 3317 libertatium
613 3253 802 3317 tuendarum
817 3271 913 3318 causa
934 3253 1114 3318 introducta
1136 3257 1197 3318 est:

76 3392 162 3455 ergo,
201 3373 230 3438 si
258 3373 419 3437 libertates
448 3372 552 3436 nullae
580 3372 674 3436 datae
702 3372 778 3452 sint,
808 3374 918 3455 nequit
942 3373 1045 3437 locum
1072 3372 1196 3438 habere.

76 3492 174 3558 Titius
199 3493 373 3558 creditores
395 3491 527 3570 habenS,
556 3491 710 3574 quosdam
739 3511 849 3558 seruos
871 3493 953 3558 inter
975 3493 1066 3558 uiuos
1089 3511 1198 3557 manu·
1215 3500 1249 3550 25

75 3613 172 3692 misit,
207 3612 398 3695 quibusdem
426 3615 532 3676 autem
558 3611 669 3676 mortis
692 3631 788 3678 causa
809 3612 987 3678 libertatem
1009 3612 1112 3691 dedit,
1143 3612 1197 3692 ita,
