3328 5318
585 428 826 490 -453—

113 617 257 666 anonae
280 603 410 685 aceepit,
435 623 454 665 a
478 607 625 684 praetore
648 601 890 664 manumittetur.
928 606 957 665 4.
974 600 1053 665 Sunt
1069 608 1173 666 autem
1198 622 1269 666 oon·

154 729 282 791 stitutae
302 727 434 790 noxales
451 726 590 790 actiones
607 732 661 790 aut
676 726 826 807 legibus
851 731 905 788 ant
921 725 1045 789 edioto
1069 728 1269 809 plaetoris

152 853 320 933 legibus,
353 851 452 915 uoluti
479 851 567 931 furti,
601 870 694 930 quam
722 851 774 914 lex
801 851 863 914 XII
886 849 1063 914 tabularum
1091 851 1269 914 introduxit.

157 984 204 1040 est
239 977 333 1040 etiam
368 976 492 1038 noxalis
532 975 614 1039 aetio
652 974 732 1056 logis
768 975 927 1055 Aquiliae:
967 975 1047 1038 hano
1082 976 1164 1040 enim
1197 975 1269 1061 [lex]

157 1101 286 1180 Aquilia
311 1099 483 1164 constituit:
512 1099 700 1182 praetoris
734 1098 874 1180 edioto,
911 1099 1009 1162 ueluti
1036 1101 1159 1163 noxalis
1188 1100 1270 1164 notio
1308 1118 1323 1167 5

117 1224 529 1288 5.iniu1iarumetnoxalis
554 1223 636 1287 aetio
660 1223 692 1286 ui
715 1224 866 1287 bonorum
890 1234 1059 1306 raptorum.
1094 1228 1123 1290 5.
1147 1225 1271 1306 Regula

155 1349 248 1413 nobis
287 1370 306 1412 a
348 1348 507 1412 ueteribus
553 1348 671 1411 tradita
720 1353 768 1411 est
817 1367 949 1410 noxam
1000 1355 1111 1431 oaput
1156 1349 1270 1428 sequi.

155 1473 235 1536 haee
273 1492 348 1536 uero
388 1472 420 1535 in
464 1471 617 1536 eiusmodi
659 1472 784 1535 oasibus
820 1480 987 1555 spectatur.
1052 1492 1162 1536 seruus
1199 1479 1270 1537 tuus

155 1619 206 1662 res
248 1617 335 1660 meas
375 1602 423 1660 est
462 1597 597 1678 furatus3
644 1596 792 1676 quamdiu
835 1598 867 1660 in
912 1605 966 1660 tua
1009 1603 1056 1660 est
1104 1605 1270 1681 potestate,

156 1729 265 1786 eontra
297 1728 327 1785 te
357 1723 481 1785 actione
509 1722 583 1784 furti
610 1721 718 1786 noxali
745 1722 882 1804 experiri
911 1729 1035 1804 poter03
1065 1723 1148 1803 quod
1175 1723 1202 1786 si
1230 1722 1271 1786 ad
1291 1739 1324 1789 10

157 1848 253 1912 alium
278 1848 436 1910 dominum
459 1848 648 1930 peruenerit,
673 1867 743 1910 oum
767 1847 821 1910 illo
846 1848 904 1910 erit
927 1848 1009 1910 aotio
1034 1847 1172 1928 noxalis3
1198 1848 1272 1911 etsi

157 1973 366 2036 manumissus
402 1973 509 2053 tuerit,
547 1973 697 2036 directam
730 1975 802 2036 furti
838 1981 947 2037 eontra
982 1994 1053 2037 eum
1084 1976 1208 2038 habebo
1240 1979 1272 2038 et

156 2098 281 2161 nonalis
314 2098 515 2178 extinguitur.
575 2118 613 2160 ex
643 2098 766 2162 diuerso
796 2099 915 2162 direota
943 2100 1025 2162 aetio
1054 2100 1177 2162 noxalis
1204 2098 1271 2163 fieri

157 2228 276 2304 potest;
308 2223 431 2285 namsi
459 2223 540 2285 liber
566 2224 659 2286 homo
690 2244 776 2287 meas
805 2245 855 2288 res
883 2224 923 2287 sit
951 2224 1071 2287 furatus
1101 2231 1131 2287 et
1159 2224 1271 2288 deinde

159 2367 269 2410 seruus
294 2367 364 2410 esse
389 2347 528 2428 eoeperit
553 2347 669 2427 (ueluti,
694 2348 785 2410 siouti
809 2349 909 2430 prima
925 2349 1118 2412 institutione
1142 2348 1270 2412 tradidi·
1292 2367 1324 2418 15

159 2492 242 2551 mm,
268 2471 295 2534 si
322 2471 430 2534 uenire
459 2491 493 2534 se
522 2472 563 2534 ad
590 2471 723 2553 pretium
754 2472 1004 2554 pamioipandum
1028 2473 1067 2534 sit
1091 2474 1216 2554 passus)
1241 2479 1272 2536 et
1332 2495 1334 2498 ·

158 2616 268 2659 seruus
292 2602 363 2659 tuus
387 2597 488 2659 faetus
513 2597 566 2674 sit,
596 2596 705 2677 inoipit
728 2617 807 2658 nuno
832 2616 901 2658 esse
929 2597 1053 2659 noxalis
1077 2597 1150 2660 furti
1178 2597 1270 2678 aoti0,

118 2725 146 2772 6.
162 2740 244 2799 quae
269 2727 364 2784 antea
388 2721 507 2784 directa
529 2723 642 2784 fuerat.
682 2726 709 2786 6.
732 2721 847 2784 Seruus
864 2741 951 2784 meus
975 2741 1025 2784 res
1041 2741 1128 2784 meas
1152 2722 1271 2785 furatus

159 2852 221 2925 est;
246 2845 334 2908 nulla
357 2846 429 2908 inde
454 2846 552 2908 oritur
577 2846 673 2926 aoti03
698 2866 770 2907 nam
794 2846 875 2908 inter
891 2845 1046 2908 dominum
1068 2853 1098 2909 et
1114 2866 1194 2925 enm,
1219 2847 1272 2925 qui

158 2969 191 3031 in
216 2969 283 3032 eius
306 2976 461 3052 potestate
485 2977 546 3049 est,
570 2970 657 3033 nulla
686 2970 837 3051 obligatio
865 2970 954 3032 nasei
981 2975 1092 3052 potest.
1138 2969 1272 3050 ideoque
1292 2988 1326 3038 20

160 3100 192 3156 et
216 3093 243 3156 si
266 3094 297 3156 in
322 3094 458 3156 alienam
474 3099 662 3176 potestatem
679 3114 787 3157 seruus
804 3094 982 3176 peruenerit
999 3100 1052 3156 aut
1064 3094 1272 3157 manumissus

158 3217 261 3297 fuerit,
285 3237 387 3298 neque
412 3238 481 3281 oum
504 3219 572 3300 ipso
596 3219 786 3282 manumisso
803 3237 905 3299 neque
923 3239 992 3282 oum
1008 3237 1056 3298 eo,
1082 3218 1168 3303 euius
1192 3238 1272 3280 nune

158 3343 191 3406 in
219 3347 375 3424 potestate
407 3349 470 3422 est,
500 3363 595 3423 agere
625 3364 760 3425 possum.
806 3343 942 3406 nondum
971 3321 1052 3406 enim
1085 3348 1160 3406 nata
1190 3341 1272 3405 aotio

160 3465 256 3548 (quae
274 3486 313 3529 ex
329 3467 397 3549 ipso
414 3467 567 3531 maleficio
590 3488 653 3531 non
670 3474 718 3531 est
734 3475 811 3548 orta,
836 3469 910 3548 quia
930 3487 1017 3530 mens
1034 3486 1144 3530 seruus
1160 3466 1272 3547 fuerat,

159 3589 215 3670 qui
237 3590 359 3654 furatus
382 3593 453 3676 est),
482 3592 590 3673 nequit
617 3598 729 3674 postea
751 3592 823 3655 ideo
851 3591 952 3671 nasei,
983 3591 1065 3672 quod
1088 3591 1139 3654 fur
1162 3610 1178 3654 e
1202 3610 1274 3654 mea
1293 3609 1325 3660 25

160 3713 274 3776 exierit
312 3721 476 3796 potestate.
537 3717 617 3779 adeo
656 3722 760 3780 autem
798 3737 906 3780 uerum
946 3722 993 3780 est
1031 3715 1111 3779 inter
1149 3736 1273 3779 seruum
