3328 5318
598 413 638 422 -
687 379 839 444 462-

161 553 345 637 snseeperit,
378 552 466 616 nulla
501 553 678 618 differentia
704 554 786 617 inter
813 553 953 617 actiones
976 553 1008 616 in
1035 573 1101 618 rem
1129 554 1181 618 uel
1207 573 1275 636 per·

163 679 288 742 sonales
312 677 551 759 introduoenda‚
579 679 646 743 sine
670 678 891 760 impedimento
915 677 947 741 in
974 678 1147 742 defensoris
1174 679 1276 742 losum

162 802 348 885 aeoipietur;
378 803 423 866 ita
449 810 570 883 tamen,
603 808 637 866 ut
664 803 900 867 satisdationem
936 803 1142 867 iudioatnm
1177 803 1277 866 solui

160 906 316 1009 praestet,
346 946 409 1006 qua
432 932 546 990 eaueat
569 946 604 990 se
627 927 659 990 id
682 926 765 1008 quod
792 925 961 991 iudioatum
984 927 1078 991 luerit
1101 925 1276 990 omnimodo

142 1051 334 1114 soluturum
359 1049 529 1114 seeundum
552 1056 692 1115 ueterem
714 1051 871 1133 regulam,
897 1071 990 1131 quam
1015 1051 1141 1134 saepius
1165 1051 1275 1115 lauda·
1314 1064 1329 1112 5

165 1175 281 1238 uimus:
336 1175 537 1239 »neminem
585 1175 666 1238 sine
718 1174 971 1239 satisdatione
1021 1176 1174 1240 alienae
1221 1176 1277 1240 rei

125 1316 150 1368 6.
162 1299 339 1363 defensor
363 1299 520 1364 idonens
543 1300 746 1382 intellegi«.
793 1304 822 1366 6.
846 1299 935 1375 Quae
959 1301 1063 1364 omnia
1087 1301 1226 1383 apertius
1246 1307 1277 1364 et

162 1424 331 1507 perteotius
355 1445 374 1486 a
398 1424 567 1489 cottidiano
591 1424 774 1488 indioiorum
798 1445 856 1488 usu
873 1430 960 1488 etex
980 1425 1057 1507 ipsis
1080 1426 1173 1489 rebus
1198 1424 1277 1489 disoi

127 1564 151 1614 7.
164 1555 304 1631 possunt.
356 1553 385 1610 7.
408 1548 499 1612 Hane
533 1554 638 1612 antem
672 1549 804 1612 formam
839 1549 1078 1613 satisdationum
1113 1549 1180 1614 siue
1208 1568 1276 1628 pro-

162 1673 344 1736 missionum
367 1693 429 1737 non
453 1673 552 1736 solum
575 1673 607 1736 in
631 1673 689 1737 hae
705 1674 791 1753 urbe,
816 1679 864 1737 set
879 1673 974 1737 etiam
997 1674 1029 1737 in
1045 1673 1187 1737 omnibns
1211 1673 1275 1738 suis
1297 1680 1332 1732 10

165 1797 335 1879 prouinciis
363 1797 579 1861 sanctissimus
606 1797 753 1880 priueeps
780 1804 886 1862 noster
913 1798 1054 1880 optinere
1086 1797 1181 1879 iubet,
1204 1798 1277 1861 lioet

164 1927 293 2004 propter
315 1920 502 2003 imperitiam
528 1921 620 1985 aliter
642 1921 721 1986 forte
745 1922 950 1986 celebrentur.
984 1942 1115 1987 neeesse
1132 1928 1179 1987 est
1192 1922 1276 1994 enim

162 2065 270 2109 omnes
293 2046 504 2128 prouiuoiales
521 2053 615 2129 eaput
631 2046 766 2111 omnium
783 2046 955 2111 oiuitatium
974 2047 1073 2128 sequi,
1098 2047 1180 2111 idest
1195 2047 1275 2110 hano

160 2171 282 2252 regiam
304 2171 422 2234 urbem.

161 2761 207 2821 De
231 2757 392 2840 perpetuis
416 2763 447 2820 et
470 2755 695 2838 temporalibus
720 2755 895 2820 aetiouibus
919 2761 950 2818 et
974 2774 1055 2835 quae
1079 2753 1120 2818 ad
1143 2755 1275 2819 heredes

375 2905 407 2963 et
430 2899 462 2962 in
485 2897 617 2962 heredes
640 2904 811 2962 transeunt.
857 2897 981 2961 Titulus
1008 2901 1056 2962 12.

252 3059 418 3122 Aetionum
442 3058 597 3138 quaedam
623 3077 663 3121 ex
685 3057 753 3122 iure
777 3057 863 3121 oiuili
885 3057 1091 3137 desolandum,
1120 3057 1276 3138 quaedam
1297 3064 1329 3118 15

162 3205 182 3248 a
205 3190 350 3266 praetore
373 3191 445 3248 sunt
467 3184 672 3250 introduotae.
710 3204 781 3248 oum
804 3189 908 3248 antem
932 3171 1001 3246 dieo
1026 3202 1065 3246 ex
1088 3181 1156 3244 inre
1180 3180 1275 3261 eiuili,

157 3309 307 3391 intellege
343 3309 410 3374 sine
443 3329 483 3373 ex
510 3309 596 3390 lege,
632 3309 700 3372 sine
728 3327 768 3372 ex
802 3312 929 3372 senatus
962 3305 1111 3370 consultis
1139 3305 1207 3370 siue
1237 3323 1276 3369 ex

161 3433 432 3498 constitutionibus
452 3432 695 3515 profioisoantur.
729 3433 790 3496 hae
810 3437 915 3496 autem
930 3436 1082 3513 perpetuo
1099 3436 1275 3512 oompetere

162 3557 277 3639 solent3
295 3557 327 3622 id
344 3559 427 3623 enim
443 3557 660 3637 antiquissimo
676 3557 745 3622 iure
762 3562 976 3640 comparatum
995 3561 1072 3620 erat.
1106 3560 1154 3618 set
1164 3560 1276 3636 postea
