3328 5318
570 428 809 488 „444-

135 603 162 666 si
185 622 261 684 ergo
285 601 371 666 iussn
395 601 512 665 domini
534 620 655 664 mecum
678 601 837 682 negotium
866 605 956 682 gerat
983 619 1092 663 seruus
1115 601 1244 664 etmihi

134 725 303 808 obligetur,
343 725 497 790 actionem
535 725 658 788 habebo
698 745 767 789 cum
806 724 931 788 domino
968 724 1076 804 ‘quod
1114 725 1244 805 iussu’;

134 850 362 932 quodammodo
392 849 473 913 enim
497 868 566 912 cum
590 868 627 912 eo
656 849 839 912 contrahere
864 847 973 912 uideor
995 849 1125 928 eiusque
1152 848 1245 913 fidem

133 976 222 1068 sapui
254 981 381 1058 propter
413 974 479 1038 eius
512 974 638 1037 iussum.
684 974 716 1036 in
748 974 882 1037 solidum
915 979 1019 1037 autem
1051 974 1129 1038 haec
1162 973 1244 1038 actio

97 1100 238 1181 a‘quod
260 1100 374 1164 iussu’
400 1097 690 1163 condemnationem
713 1098 818 1162 habet.
867 1097 969 1172 aad
991 1098 1082 1162 huius
1112 1099 1244 1163 actionis
1282 1110 1307 1162 5-

132 1224 364 1299 similitudinem
410 1224 488 1288 duas
527 1243 650 1304 quoque
685 1224 779 1304 alias,
820 1224 934 1304 quibus
968 1223 1102 1290 solidum
1136 1243 1242 1306 perse-

132 1348 263 1430 quimur,
287 1355 413 1431 praetor
440 1347 598 1430 pollicitus
626 1354 687 1428 est,
713 1369 843 1428 quarum
868 1349 968 1412 altera
1000 1347 1245 1428 exercitoria,

131 1473 232 1537 altera
270 1473 462 1537 institoria
500 1473 687 1555 appellatur.
748 1473 981 1537 exercitoria
1026 1479 1099 1537 tunc
1142 1473 1244 1536 locum

131 1598 240 1678 habet,
284 1617 353 1661 cum
396 1597 464 1676 quis
507 1617 630 1661 seruum
673 1617 761 1661 suum
804 1597 987 1679 magistrum
1029 1597 1120 1660 nauis
1167 1617 1243 1660 suae

129 1721 326 1805 praeposuit,
365 1727 397 1785 et
435 1721 553 1801 aliquid
586 1741 655 1785 cum
694 1741 731 1785 eo
771 1722 824 1802 qui
859 1717 907 1785 est
941 1721 1139 1804 praepositus
1178 1722 1244 1785 eius
1265 1730 1309 1781 10·

129 1846 176 1910 rei
204 1846 322 1928 gratia,
358 1845 408 1910 cui
441 1845 640 1928 praepositus
675 1852 738 1926 est,
775 1853 968 1910 contractum
1000 1852 1056 1910 est.
1101 1847 1133 1909 in
1165 1845 1244 1910 eius-

129 1969 214 2034 modi
230 1975 333 2034 autem
358 1989 434 2034 casu
457 1970 489 2032 in
513 1969 646 2034 solidum
670 1971 887 2034 exercitoriam
912 1971 1067 2034 actionem
1092 1969 1243 2034 aduersus

129 2094 287 2158 dominum
326 2094 458 2157 habebo.
519 2099 550 2157 et
587 2094 659 2158 ideo
696 2095 947 2158 ‘exercitoria’
987 2101 1129 2175 uocatur,
1169 2095 1243 2174 quia

129 2219 338 2283 ‘exercitor'
385 2219 563 2302 appellatur
607 2220 647 2300 is,
694 2219 734 2283 ad
781 2240 872 2299 quem
916 2219 1104 2284 cottidianus
1150 2219 1241 2282 nauis

129 2351 277 2423 quaestus
322 2344 465 2426 pertinet.
523 2343 718 2407 institoria
755 2350 828 2408 tunc
874 2345 976 2408 locum
1015 2345 1124 2424 habet,
1172 2363 1242 2407 cum
1263 2353 1295 2403 15

128 2469 199 2550 quis
231 2469 381 2532 tabernae
411 2469 490 2532 forte
519 2473 573 2531 aut
600 2468 728 2532 cuilibet
759 2469 967 2549 negotiationi
995 2488 1119 2532 seruum
1152 2489 1243 2532 suum

128 2593 361 2675 praeposuerim
386 2613 459 2656 nam
483 2593 608 2672 siquid
632 2613 701 2656 cum
725 2612 761 2656 eo
786 2594 852 2656 eius
877 2593 923 2656 rei
947 2613 1055 2673 eausa,
1080 2593 1130 2656 cui
1153 2612 1244 2675 prae-

128 2717 250 2799 positus
274 2723 329 2796 est,
353 2721 545 2780 contractum
568 2716 675 2797 fucrit,
700 2716 843 2780 dominus
870 2717 902 2780 in
926 2716 1059 2780 solidum
1088 2717 1244 2781 institoria

129 2840 253 2904 actione
270 2841 479 2904 conueniatur.
516 2839 588 2904 ideo
606 2847 710 2904 autem
724 2841 943 2904 ‘institoria'
958 2841 1145 2924 appellatur,
1171 2842 1245 2921 quia

128 2966 171 3047 ei,
196 2967 249 3045 qui
271 2966 537 3048 negotiationibus
565 2973 812 3048 praeponuntur,
838 2965 1057 3030 ‘institores'
1082 2973 1243 3030 uocantur.
1264 2973 1309 3023 20¹

76 3092 182 3157 bala.
206 3091 309 3154 Locus
334 3085 509 3154 autem'est
524 3091 700 3154 institoriae
725 3097 756 3154 et
776 3091 984 3155 exercitoriae
1009 3090 1125 3154 actioni
1149 3089 1244 3154 etiam

128 3215 156 3280 si
178 3215 311 3279 liberum
335 3216 404 3296 quis
427 3215 584 3278 hominem
612 3223 667 3278 aut
690 3216 829 3279 alienum
859 3236 985 3280 seruum
1013 3216 1087 3278 naui
1116 3219 1171 3279 aut
1197 3222 1244 3279 ta-

128 3341 246 3405 bernae
270 3345 324 3404 aut
348 3340 476 3404 cuilibet
498 3339 705 3421 negotiationi
729 3340 961 3422 praeposuerim
990 3361 1064 3403 nam
1092 3339 1142 3404 hio
1172 3360 1246 3419 quo-

129 3483 190 3544 que
228 3464 339 3528 eadem
378 3463 546 3544 aequitatis
584 3463 665 3528 ratio
704 3464 925 3528 exercitoriam
966 3465 1017 3528 uel
1056 3463 1243 3528 institoriam

129 3589 285 3653 actionem
313 3589 465 3652 aduersus
494 3609 572 3669 cum,
607 3587 660 3668 qui
689 3588 881 3671 praeposuit,
916 3588 977 3651 dat.
1023 3609 1096 3652 nam
1129 3588 1156 3651 is
1190 3589 1244 3668 qui
1264 3597 1308 3648 ab·

129 3713 267 3794 aliquem
289 3713 454 3796 praeponit
476 3712 600 3776 uidetur
623 3717 734 3794 aperta
757 3733 836 3777 uoce
860 3713 1039 3776 declarare:
1065 3713 1160 3776 »hunc
1184 3731 1244 3794 ego

95 3851 118 3900 3.
129 3838 312 3920 praeposui:
347 3839 399 3917 qui
429 3837 514 3924 uolet
544 3857 613 3901 cum
644 3857 681 3900 eo
716 3837 905 3900 contrahat«.
959 3840 987 3902 3.
1010 3837 1186 3900 Introduxit
1217 3842 1248 3900 et

130 3963 226 4028 aliam
250 3962 405 4026 actionem
427 3966 565 4044 praetor,
591 3981 672 4041 quae
696 3961 903 4024 tributoria
925 3967 1064 4025 uocatur.
1110 3979 1244 4040 namque

130 4087 158 4152 si
180 4106 290 4151 seruus
313 4105 402 4150 meus
424 4086 457 4150 in
480 4085 692 4168 peculiaribus
716 4085 780 4149 suis
804 4085 963 4149 mercibus
983 4085 1171 4166 negotietur,
1195 4103 1245 4147 me
