3164 5338
523 389 761 452 —367-

86 563 243 627 consilium
282 563 314 626 id
353 583 425 628 esse
465 562 654 644 dicentibus,
699 562 782 644 quod
815 562 935 626 nullam
970 562 1200 644 obligationem

83 693 214 769 pareret,
239 688 411 752 secundum
428 707 564 768 eaquae
589 688 732 752 diximus.
770 687 949 770 praeualuit
964 691 1071 750 tamen
1087 687 1199 750 Sabini

84 811 235 876 sententia
258 813 399 876 mandati
414 832 465 877 me
480 812 595 894 teneri;
620 833 693 876 narn
711 812 785 892 quia
802 817 920 875 certam
936 830 1105 893 personam
1122 810 1199 874 Titii

83 937 296 1013 indicauerim,
312 938 384 1002 ideo
397 943 509 1002 teneor
524 938 624 1001 instar
638 937 841 1002 fideiussoris.
866 936 893 999 si
909 935 991 999 enim
1007 935 1200 1018 generaliter

84 1061 227 1125 dixerim:
252 1063 378 1127 ‘crede
400 1062 582 1145 pecunias
607 1063 711 1143 tuas’,
736 1080 799 1124 non
814 1061 906 1144 parit,
932 1059 977 1123 uti
1001 1059 1117 1126 dictum
1141 1065 1198 1141 est,
1254 1103 1256 1107 -

84 1185 303 1268 obligationem
317 1186 514 1268 mandatum3
532 1186 560 1250 si
575 1205 652 1250 uero
664 1192 782 1250 certam
799 1184 1003 1249 indicauerim
1018 1205 1197 1268 personam,

58 1317 123 1374 lex
143 1311 208 1375 iure
237 1331 298 1392 quo
327 1312 441 1376 utimur
468 1311 610 1376 mandati
638 1312 779 1375 tenebor.
826 1315 856 1376 7.
878 1309 978 1374 Sicuti
1005 1309 1197 1390 mandatum,

82 1436 163 1516 quod
184 1436 285 1500 instar
308 1436 433 1500 consilii
456 1436 639 1517 interuenit,
669 1435 809 1500 mandati
838 1435 994 1500 actionem
1017 1454 1081 1498 non
1103 1433 1197 1516 parit,

81 1560 127 1624 ita
147 1580 186 1624 ne
207 1561 286 1624 illud
310 1561 445 1641 quidem,
471 1561 555 1644 quod
579 1566 688 1625 contra
711 1561 811 1624 bonos
835 1579 938 1624 mores
963 1565 1024 1624 est:
1049 1558 1148 1623 ueluti
1171 1557 1199 1620 si

81 1685 293 1750 mandauerim
318 1685 385 1767 tibi,
409 1692 444 1750 ut
466 1705 518 1750 res
534 1686 631 1750 Primi
647 1685 836 1768 subriperes,
863 1690 916 1747 aut
933 1683 1034 1747 eidem
1051 1682 1198 1746 damnum
1218 1693 1258 1745 10-

82 1809 182 1890 dares,
200 1815 255 1872 aut
266 1809 411 1873 iniuriam
424 1810 555 1874 iaceres.
580 1810 653 1874 licet
664 1810 746 1873 enirn
758 1829 861 1872 meum
874 1813 1000 1872 secutus
1015 1807 1198 1870 mandatum

83 1933 186 1998 delicti
209 1954 325 2017 penam
348 1935 560 2018 praestiteris,
589 1941 782 1998 nontamen
809 1933 961 1996 aduersus
984 1952 1034 1996 me
1058 1930 1199 1994 mandati

83 2057 235 2122 actionem
257 2059 399 2124 habebis.

57 2186 74 2237 ⁸·
168 2185 196 2248 8.
222 2181 283 2258 Qui
306 2183 489 2247 mandatum
511 2183 627 2266 accipit
649 2203 713 2247 non
737 2182 832 2246 debet
848 2181 1002 2246 excedere
1018 2180 1095 2245 fines
1111 2201 1197 2244 man-

83 2307 153 2370 dati.
197 2312 232 2370 ut
255 2326 329 2372 ecce
352 2308 502 2371 mandaui
524 2307 591 2388 tibi,
616 2312 765 2388 utusque
789 2307 831 2370 ad
847 2312 970 2370 centum
987 2325 1100 2369 aureos
1116 2305 1197 2368 hunc
1218 2315 1257 2367 15.

82 2431 206 2495 fundum
229 2431 306 2495 mihi
330 2451 450 2496 emeres
466 2433 520 2496 uel
542 2438 690 2513 utusque
708 2431 749 2494 ad
765 2438 889 2502 centum
906 2450 1019 2494 aureos
1040 2450 1096 2512 pro
1113 2429 1197 2495 Titi0

84 2557 267 2639 sponderem
303 2577 405 2637 neque
435 2557 534 2640 pluris
563 2562 594 2621 te
626 2576 730 2620 emere
762 2577 875 2638 agrum·
901 2556 1067 2638 oportebat
1095 2573 1197 2634 neque

84 2679 114 2742 in
137 2681 320 2764 ampliorem
345 2702 497 2746 summam
524 2681 703 2746 fideiubere.
750 2702 823 2744 nam
847 2680 874 2744 si
897 2679 1038 2760 modum,
1068 2678 1107 2741 de
1136 2697 1197 2758 quo

83 2805 162 2869 inter
183 2825 242 2870 nos
268 2806 460 2888 conuenerit,
485 2806 668 2888 excesseris,
692 2825 756 2870 non
771 2804 904 2869 habebis
921 2809 1030 2868 contra
1046 2823 1096 2866 me
1111 2822 1198 2866 man-

84 2928 147 2994 dati
174 2930 354 3014 actionem5‘
381 2932 462 2996 adeo
496 2930 622 3011 quidem
649 2938 683 2994 ut
711 2929 848 2994 Sabinus
877 2935 908 2993 et
937 2927 1064 2992 Cassius
1093 2927 1199 2990 dicant
1218 2938 1260 2990 ao

84 3055 176 3118 etiam
199 3055 227 3120 si
249 3068 349 3136 usque
374 3056 415 3120 ad
439 3061 563 3121 centum
580 3075 694 3120 aureos
709 3075 832 3120 mecum
849 3073 945 3137 agere
961 3053 1041 3117 uelis
1057 3072 1097 3116 ex
1113 3072 1198 3116 man-

86 3177 171 3260 dato,
201 3180 296 3264 (idest
324 3200 424 3261 usque
455 3181 497 3244 ad
525 3201 678 3244 summam
706 3200 800 3260 quam
828 3179 886 3243 tibi
913 3177 1141 3260 mandauerim)
1166 3175 1199 3239 id

86 3303 166 3382 quod
193 3303 318 3369 excedit
352 3305 541 3388 neglegens,
577 3304 729 3368 inutiliter
754 3309 785 3368 te
814 3311 963 3368 acturum.
1018 3300 1199 3367 Proculiani

85 3446 158 3492 uero
176 3429 357 3494 existimant
372 3436 414 3512 te,
439 3450 538 3512 usque
555 3430 597 3495 ad
612 3436 737 3494 centum
754 3449 867 3494 aureos
883 3436 969 3494 recte
985 3447 1091 3511 agere,
1117 3446 1198 3507 quae

85 3555 236 3619 sententia
251 3555 420 3637 benignior
436 3563 492 3620 est.
528 3555 612 3636 quod
628 3555 655 3618 si
669 3555 800 3619 minoris
817 3555 940 3636 emeris,
964 3553 1063 3617 ueluti
1078 3551 1198 3616 LXXX
1218 3559 1258 3610 25.

86 3678 195 3760 aureis,
218 3679 351 3744 habebis
376 3700 452 3744 sane
476 3700 597 3745 mecum
622 3680 776 3744 actionem
793 3679 948 3761 mandati;
973 3677 1121 3760 quoniam
1146 3675 1200 3756 qui
