3328 5318
590 439 631 447 —
678 403 831 467 424-

153 577 236 642 enim
259 576 356 641 filium
380 597 449 642 esse
474 579 704 662 emancipatum
728 579 814 661 (nam
838 577 957 658 alioqui
979 577 1067 641 nulla
1087 578 1169 642 actio
1194 598 1265 643 con·

152 702 257 786 sistit).
303 702 331 766 si
353 701 448 784 igitur
470 701 552 768 filius
575 709 698 786 patrem
728 703 781 766 uel
804 701 936 766 libertus
964 708 1143 784 patronum,
1171 703 1266 767 uenia

152 846 215 890 non
245 827 422 910 impetrata,
455 826 487 890 in
514 826 663 891 iudicium
694 826 868 908 uocauerit,
902 826 939 890 in
970 825 1109 890 factum
1142 827 1265 892 actione

65 956 277 1015 12b.tenetur
300 957 331 1014 et
353 950 386 1014 in
409 956 528 1014 certam
549 950 704 1032 pecuniae
734 971 888 1014 summam
916 950 1091 1014 damnatur.
1141 949 1207 1016 121³.
1232 950 1267 1014 Si

152 1094 246 1154 quem
267 1094 356 1138 reum
378 1074 411 1138 in
434 1074 483 1138 ius
510 1074 692 1140 uocauerim
720 1073 791 1156 quis
814 1074 847 1138 ui
874 1074 1025 1138 exemerit
1053 1074 1164 1138 dolone
1192 1074 1268 1138 fecit
1303 1088 1319 1138 5

153 1198 318 1279 quominus
342 1198 473 1280 ueniret,
496 1199 530 1262 in
552 1200 670 1264 lactum
698 1199 823 1264 actione
839 1198 1109 1263 condemnabitur:
1135 1204 1166 1262 et
1188 1198 1268 1262 tanti

151 1324 185 1388 in
208 1341 279 1388 cum
302 1323 493 1403 intendetur,
522 1323 631 1404 quanti
657 1343 718 1406 ego
742 1343 812 1387 cum
835 1341 888 1404 eo,
918 1343 1010 1404 quem
1037 1322 1069 1386 in
1096 1323 1145 1386 ius
1173 1341 1267 1386 uoca-

150 1467 277 1529 ueram,
308 1454 434 1512 acturus
463 1467 558 1512 cram.
604 1454 730 1512 suntet
753 1447 836 1512 aliae
859 1446 1102 1512 innumerabiles
1126 1446 1267 1510 actiones

96 1582 140 1634 18.
152 1571 190 1635 in
209 1572 350 1636 factum
368 1572 560 1654 poenales.
587 1575 635 1638 13.
653 1571 732 1636 Sunt
747 1578 779 1635 et
795 1570 1099 1654 praeiudiciales
1115 1570 1266 1652 actiones,

153 1715 235 1776 quae
258 1695 291 1759 in
314 1695 410 1760 uariis
435 1696 560 1760 casibus
585 1696 725 1760 exerceri
748 1702 897 1783 possunt.¹
920 1693 1196 1778 praeiudicium
1219 1701 1268 1759 est
1287 1707 1321 1758 10

151 1819 302 1902 formula,
339 1839 419 1900 quae
452 1819 624 1884 intentione
658 1825 779 1883 tautum
814 1822 951 1900 constat,
986 1839 1088 1900 neque
1124 1817 1267 1883 condem·

151 1943 311 2008 nationem
336 1944 480 2008 continet.
527 1943 563 2007 in
586 1963 661 2008 rem
689 1949 794 2007 autem
821 1943 881 2007 hoc
908 1943 1057 2008 iudicium
1080 1948 1141 2025 est,
1170 1943 1268 2007 ueluti

151 2067 185 2132 in
201 2067 260 2132 hac
277 2068 391 2150 specie.
422 2067 667 2132 controuersiam
683 2066 811 2149 quidam
827 2067 952 2132 domino
968 2067 1117 2150 faciebat,
1142 2073 1268 2132 conten-

153 2193 231 2257 dens
255 2211 326 2256 sese
350 2192 416 2256 cius
441 2213 566 2256 seruum
588 2212 652 2257 non
668 2211 749 2273 csse,
773 2193 825 2257 uel
848 2193 979 2256 libertus
995 2211 1083 2256 meus
1099 2192 1268 2274 ingenuum

153 2337 225 2382 sese
248 2317 460 2400 profitebatur.
503 2317 538 2380 in
562 2317 673 2396 quibus
698 2316 829 2398 singulis
853 2316 978 2380 casibus
1001 2316 1269 2399 praeiudicialiter
1290 2326 1321 2378 15

151 2441 187 2505 in
213 2461 280 2504 rem
307 2441 427 2504 intendi
453 2445 588 2539 potesta
606 2445 716 2524 potestv
743 2440 826 2504 enim
860 2440 897 2522 is,
934 2440 988 2520 qui
1015 2440 1057 2502 ad
1090 2439 1268 2504 libertatem

152 2566 343 2650 proclamat,
368 2566 413 2629 ita
442 2564 618 2629 intendere:
648 2585 713 2628 »an
735 2570 870 2647 pareat
893 2583 947 2628 me
970 2563 1130 2627 liberum
1154 2583 1267 2645 esse«,

152 2709 256 2770 neque
285 2688 393 2754 adicit:
420 2669 551 2754 »iudex
578 2688 810 2753 condemna«.
856 2687 1008 2752 eiusmodi
1037 2693 1085 2752 est
1112 2687 1268 2770 praeiudi-

150 2814 245 2878 cialis
267 2813 301 2878 in
327 2833 394 2878 rem
423 2814 504 2878 actio
529 2813 568 2878 de
596 2819 689 2896 partu
717 2812 925 2894 agnoscendo.
970 2817 1005 2876 ut
1034 2831 1108 2877 ecce
1138 2831 1268 2876 uxorem

152 2939 340 3020 habueram,
370 2957 451 3020 quae
478 2957 637 3021 praegnas
665 2957 705 3000 ex
727 2957 776 3000 me
803 2936 890 3001 facta
913 2942 973 3018 est;
1003 2935 1174 3000 dissolutae
1198 2941 1270 3000 sunt
1288 2944 1323 2996 20

146 3063 283 3146 nuptiae
308 3062 440 3128 diuortio
460 3068 491 3127 et
514 3068 586 3126 tunc
609 3068 701 3126 natus
725 3068 774 3125 est
788 3081 874 3144 puer.
910 3081 980 3126 eum
1005 3061 1090 3126 alere
1106 3061 1267 3141 nolebam3

147 3192 259 3270 potest
282 3206 321 3250 ea
343 3206 464 3250 mecum
489 3205 595 3268 agere,
619 3190 653 3249 ut
676 3205 726 3249 me
750 3191 845 3268 cogat
868 3205 938 3250 eum
959 3205 1089 3268 puerum
1113 3185 1214 3248 alere:
1238 3188 1270 3248 et

148 3331 205 3375 rne
229 3331 342 3394 cogere
370 3311 499 3394 poterit,
528 3330 597 3374 cum
626 3309 797 3375 ostenderit
825 3330 894 3374 sese
919 3330 959 3374 ex
980 3329 1030 3374 me
1057 3310 1175 3374 factam
1199 3327 1268 3372 esse

206 4255 304 4306 ''l'hcopln
319 4255 431 4296 Antecess.
443 4266 486 4296 roc.
502 4254 591 4296 Ferrini.
