3164 5338
514 363 756 426 -368—

94 535 207 600 mandat
220 543 255 600 ut
271 503 332 601 sioi
349 535 373 601 C
389 555 559 602 aureorum
583 536 697 602 fundus
718 542 849 619 ematur,
873 537 901 601 is
916 536 1023 619 utique
1043 536 1194 601 mandare

94 661 202 725 uidetur
223 665 258 725 ut
281 665 312 725 et
326 661 467 743 minoris,
492 660 519 726 si
541 660 610 726 fieri
624 661 734 745 possit,
759 667 889 727 ematur.
920 661 953 726 in
968 659 1087 726 maiore
1111 659 1192 725 enim

92 806 199 849 summa
223 792 254 849 et
276 785 378 850 minor
402 785 586 850 continetur.

62 923 82 972 9.
169 913 195 978 9.
220 909 360 975 Soluitur
382 909 573 994 mandatnm,
599 910 743 992 quamuis
766 917 851 976 recte
875 911 915 975 sit
935 915 1143 992 contractum,
1168 911 1196 976 si

91 1053 120 1096 re
140 1033 259 1116 integra
281 1034 377 1098 fuerit
390 1041 583 1100 reuocatum.
617 1041 652 1101 ut
668 1055 742 1100 ecce
757 1035 907 1100 mandeui
923 1034 1047 1100 cuidam
1062 1040 1097 1100 nt
1119 1035 1196 1100 mihi
1234 1051 1249 1101 5

90 1178 203 1222 seruum
227 1166 346 1222 emeret
369 1164 401 1223 et
424 1167 593 1241 antequam
617 1179 722 1224 emere
739 1161 879 1243 eoeperit
898 1160 1080 1224 mandatum
1103 1179 1194 1225 reno-

48 1294 80 1344 10.
90 1283 159 1347 caui.
207 1287 255 1350 10.
279 1284 358 1348 Item
391 1285 418 1348 si
446 1284 547 1349 adhuc
577 1305 612 1350 re
642 1285 766 1367 integra
795 1284 975 1349 mandantis
1006 1285 1114 1350 eiusne
1142 1283 1196 1365 qui

88 1407 258 1472 mandatum
275 1409 414 1492 suscepit
423 1429 508 1473 mors
520 1409 718 1491 interueniat,
735 1409 917 1474 mandatum
933 1410 1035 1474 soluit.
1059 1409 1196 1474 naturali

87 1532 238 1612 aequitate
254 1533 374 1616 placuit
392 1538 500 1598 tamen
515 1533 670 1598 interdum
689 1533 830 1598 mandati
846 1533 1001 1598 actionem
1020 1533 1097 1598 dari.
1121 1532 1196 1614 quid

85 1656 180 1720 euim?
217 1657 274 1722 tibi
288 1657 363 1722 'iter
390 1657 422 1722 in
451 1659 610 1739 quandam
637 1658 799 1742 regionem
826 1659 948 1723 facturo
984 1658 1134 1722 mandaui
1161 1664 1196 1724 ut
1217 1669 1250 1720 10

85 1799 174 1861 equos
199 1801 338 1847 emeres:
363 1793 458 1865 tuque
474 1783 657 1850 mandatum
680 1783 847 1867 suscepisti
859 1788 953 1864 atque
970 1783 1082 1865 abisti;
1107 1789 1195 1848 ante-

84 1925 169 1985 quam
185 1907 349 1989 negotium
366 1927 477 1990 gerere
494 1908 663 1990 coepisses,
688 1927 749 1990 ego
766 1905 905 1972 decessi:
929 1913 1043 1991 putans
1066 1927 1117 1972 me
1141 1907 1196 1971 ad-

82 2028 135 2094 hue
157 2031 283 2112 uiuere,
311 2031 494 2096 mandatum
518 2038 644 2097 secutus
672 2032 748 2096 mihi
776 2050 875 2112 equos
903 2031 1019 2096 emisti:
1048 2051 1194 2097 reuersus

82 2155 157 2218 nosti
178 2175 232 2220 me
255 2156 381 2220 obiisse.
427 2175 490 2220 non
518 2162 607 2239 potes
635 2155 780 2226 mandati
804 2175 900 2239 agene
929 2175 999 2220 cum
1026 2155 1195 2222 heredibus

81 2279 166 2362 meis;
189 2299 228 2344 re
252 2279 334 2344 enim
358 2281 460 2345 adhuc
483 2281 608 2363 integra
627 2301 696 2364 ego,
721 2281 775 2362 qui
797 2279 856 2346 tibi
877 2280 1037 2362 mandaui,
1063 2280 1195 2348 decessi
1216 2287 1249 2346 15

82 2409 126 2468 set
147 2423 219 2470 cum
243 2405 414 2470 absurdum
438 2405 480 2470 sit
506 2411 538 2470 te
565 2405 762 2488 ignorantem
791 2405 937 2470 damnum
967 2405 1048 2488 pati,
1076 2405 1196 2490 placuit

80 2535 204 2612 propter
228 2529 454 2594 humanitatem
477 2530 595 2596 habere
618 2536 650 2596 te
675 2529 827 2595 aduersus
850 2529 983 2594 heredes
998 2549 1086 2596 meos
1109 2549 1196 2594 man-

81 2651 142 2716 dati
165 2653 335 2735 actionem,
360 2674 400 2718 ne
424 2653 599 2738 probabilis
622 2653 802 2737 ignorantia
822 2653 969 2718 domnum
993 2653 1051 2718 tibi
1075 2653 1195 2718 afferat.

79 2774 109 2839 id
131 2784 239 2842 autem
261 2777 405 2861 procedit
427 2779 515 2842 iuxta
532 2779 708 2862 exemplum
724 2777 883 2860 sequentis
908 2797 1009 2842 casus.
1044 2777 1196 2862 dispen-

79 2907 181 2967 sator
206 2908 256 2968 est
279 2923 399 2986 seruus,
424 2903 478 2986 qui
495 2903 667 2969 dominicas
683 2903 834 2987 pecunias
850 2901 996 2967 fenerare
1019 2902 1108 2967 solet.
1146 2901 1197 2966 hic
1216 2912 1252 2963 20

79 3035 181 3091 antem
210 3029 359 3093 fenerans
388 3027 545 3094 actionem
574 3027 635 3094 sibi
662 3048 726 3093 non
753 3027 890 3110 adquirit
918 3027 1086 3111 (quomodo
1114 3025 1198 3092 enim

78 3168 145 3216 oum
170 3172 284 3218 seruus
307 3153 393 3240 sit?)‚
417 3159 467 3218 set
482 3153 610 3237 proprio
627 3152 752 3218 domino
768 3152 868 3218 mutui
883 3152 1039 3218 actionem
1056 3150 1197 3233 quaerit;

77 3273 235 3342 iseutem
259 3276 313 3358 qui
336 3283 476 3343 mutuum
501 3277 638 3361 accepit,
668 3277 735 3342 siue
759 3277 884 3342 domiuo
914 3277 1017 3358 soluit,
1045 3276 1198 3341 liberatur

78 3398 188 3482 (soluit
212 3402 295 3467 enim
320 3403 359 3484 ei,
384 3402 438 3484 qui
461 3423 531 3468 oum
554 3422 592 3467 eo
616 3402 771 3468 actionem
786 3403 948 3488 habebat),
973 3402 1041 3466 siue
1057 3419 1149 3466 seruc
1166 3405 1198 3465 et
