3370 5350
578 457 620 468 —
665 423 813 489 289-

144 613 186 672 tre
205 623 372 689 sororeque
393 614 608 690 propagantur
628 609 826 692 appellantur
852 611 1021 678 amitini.
1069 620 1258 684 materterae

146 743 224 789 neae
244 723 299 790 filii
320 744 371 792 me
393 727 612 793 consobrinum
634 729 751 809 dieunt,
774 749 831 812 ego
847 749 924 796 uero
939 750 992 797 eos
1007 732 1162 800 amitinos.
1195 735 1255 800 ita·

144 864 204 926 que,
226 853 261 910 ut
282 846 391 928 paucis
414 847 585 926 absoluam,
609 847 741 914 abusiue
763 868 801 916 ex
823 850 945 916 duobus
966 850 1117 918 iratribus
1134 852 1187 919 uel
1209 871 1258 919 so·

144 967 257 1030 roribus
279 966 346 1031 nati
368 967 595 1033 consobrini
618 966 764 1034 audiunt:
794 969 921 1049 proprie
946 987 1023 1035 uero
1054 972 1107 1052 qui
1135 991 1172 1038 ex
1195 970 1257 1038 fra·

143 1085 233 1150 tribus
255 1093 507 1168 progenerantur
523 1086 681 1154 ¹fratres
710 1088 935 1170 patrueles,
960 1089 1015 1170 qui
1037 1108 1074 1154 ex
1096 1091 1256 1158 sororibus
1290 1095 1309 1148 ὅ

144 1223 236 1270 nares
259 1223 317 1270 seu
339 1204 474 1272 feminae
496 1206 725 1273 consobrini
751 1208 802 1273 uel
825 1208 1105 1290 consobrinae,
1134 1230 1173 1276 ex
1195 1211 1256 1278 ira·

143 1331 185 1390 tre
205 1330 237 1390 et
258 1344 366 1392 sorore
388 1327 554 1392 amitini.
599 1333 631 1392 et
653 1329 698 1393 ita
720 1327 836 1394 sororis
862 1333 956 1393 natus
982 1326 1079 1394 filium
1108 1332 1257 1398 auunculi
1322 1399 1326 1408 ,

142 1447 353 1510 consobrinum
376 1445 512 1525 uocabit,
534 1445 642 1511 fratris
665 1453 769 1511 autern
799 1452 892 1512 natus
918 1446 1017 1513 filium
1044 1449 1160 1514 amitae
1182 1451 1256 1516 ami·

110 1586 128 1634 s.
144 1565 244 1628 tinum.
280 1569 331 1630 ·5.
364 1567 498 1645 Quintus
534 1567 650 1647 gradus
678 1565 878 1648 amplectitur
903 1585 999 1649 supra
1029 1574 1158 1634 aunum
1190 1576 1257 1637 ata-

143 1685 227 1763 uiam,
249 1685 332 1749 inira
355 1692 533 1769 atnepotem
556 1691 724 1768 atneptem,
747 1705 785 1751 ex
806 1691 988 1752 transuerso
1002 1685 1109 1752 fratris
1125 1690 1255 1756 sororis·
1274 1700 1308 1752 lo

141 1820 195 1882 que
215 1811 418 1886 pronepotem
441 1812 625 1888 proneptem
648 1812 680 1871 et
702 1806 925 1872 conuenienter
938 1813 1142 1888 propatruum
1164 1827 1255 1892 proa-

139 1925 247 2005 mitam,
271 1927 305 1990 id
329 1931 377 1992 est
398 1929 509 2009 proaui
531 1927 660 1993 tratrem
683 1933 716 1992 at
737 1945 892 2004 sororem,
914 1927 1161 2008 proauunoulum
1184 1946 1256 2009 pro·

141 2051 350 2124 materteram,
385 2046 418 2112 id
446 2053 495 2112 est
522 2047 671 2127 proauiae
696 2046 828 2112 tratrem
856 2063 892 2111 ac
919 2063 1067 2112 sororem.
1112 2046 1256 2114 similiter

139 2148 238 2229 eorum
261 2167 316 2246 qui
342 2185 379 2231 ex
401 2166 552 2234 tratribus
574 2171 824 2249 progenerantur
846 2165 975 2249 (quique
1003 2171 1041 2231 ut
1067 2165 1184 2232 dictum
1207 2173 1256 2232 est

139 2285 288 2350 interdurn
306 2287 440 2351 audiunt
453 2287 569 2352 iratres
584 2287 752 2368 patrueles,
774 2271 931 2351 interdurn
946 2303 1069 2351 sorores
1084 2286 1252 2367 patrueles,
1275 2302 1306 2354 ro

139 2403 288 2470 interdum
312 2407 488 2472 consobrini
510 2414 542 2471 et
564 2407 777 2485 consobrinae,
799 2405 956 2470 interdum
979 2405 1103 2470 demum
1131 2405 1251 2471 amitini

140 2529 168 2587 et
186 2524 360 2607 amitinae),
383 2523 481 2591 lilium
502 2524 669 2606 filiamque,
692 2525 807 2606 quique
829 2522 918 2589 audit
946 2523 1093 2606 proprius
1115 2524 1252 2603 sobrina,

139 2649 166 2708 et
185 2646 312 2726 propria
335 2645 470 2724 sobrina,
493 2645 526 2710 id
548 2653 596 2711 est
618 2645 723 2727 magni
744 2644 849 2725 patrui
864 2661 995 2726 magnae
1010 2643 1125 2710 amitae
1148 2644 1253 2727 magni

104 2780 122 2832 o,
136 2765 276 2830 auunculi
299 2783 432 2846 magnae
454 2770 641 2830 materterae
663 2762 760 2828 filium
783 2761 949 2842 filiamque.
983 2762 1012 2826 6.
1035 2759 1130 2828 Sexto
1151 2763 1253 2844 gradu

137 2890 203 2948 sunt
224 2902 323 2967 supra
347 2885 483 2950 tritauus
505 2883 644 2963 tritauiu,
667 2882 749 2949 inlra
763 2883 902 2966 trinepos
916 2881 1071 2965 trineptis,
1094 2901 1132 2949 ax
1153 2889 1252 2950 trans
1269 2885 1304 2938 2⁰
