3384 5314
625 423 664 432 -—
712 387 774 451 487
824 425 863 430 --

187 562 294 642 fuerit,
324 562 434 626 iisdem
462 563 528 627 iere
557 564 782 646 optinentibus,
811 569 905 643 atque
930 562 961 626 in
985 562 1177 644 singulorum
1201 581 1303 625 rerum

187 687 346 770 petitione.
380 708 453 751 nam
470 689 553 769 atie,
579 688 632 768 qui
652 688 739 752 mala
753 688 814 752 tide
831 688 877 751 rei
894 687 1056 751 cuiusdam
1073 687 1303 770 possessiouem

187 817 297 875 nactus
322 818 382 893 est,
416 812 570 878 rationem
598 813 708 877 reddet
737 832 843 877 eorum
873 831 996 894 quoque
1025 811 1195 891 fructuum,
1227 831 1305 892 quos

187 935 307 1000 incuria
330 957 392 1002 non
416 938 600 1020 perceperit.
647 941 829 1002 curantem
855 937 955 1001 ‘fere'
981 935 1128 1018 dixerim,
1158 936 1189 1000 iu
1217 936 1305 1000 libris

188 1061 231 1124 de
255 1061 412 1126 iudiciis
437 1061 646 1146 dispiciemus.
682 1063 731 1127 sin
754 1067 858 1126 autem
876 1061 1036 1126 bonafide
1053 1081 1219 1145 possessor
1235 1081 1305 1126 reus
1343 1073 1358 1124 5

188 1191 248 1266 est,
277 1186 395 1252 fructus
423 1188 463 1250 ab
488 1208 525 1252 eo
555 1208 617 1253 non
648 1193 806 1270 petentur,
837 1205 915 1268 quos
947 1191 1002 1249 aut
1031 1186 1224 1269 consumpsit
1252 1191 1306 1249 aut

187 1311 408 1393 neglegentiae
433 1332 531 1376 causa
553 1331 615 1376 non
634 1311 782 1394 percepit,
804 1311 925 1374 scilicet
941 1315 1013 1375 ante
1030 1311 1094 1374 litis
1111 1315 1305 1375 contestatae

187 1442 318 1518 tempus.
353 1457 425 1500 nam
449 1444 520 1520 post
544 1437 630 1501 litem
654 1441 861 1500 contestatam
887 1442 918 1499 et
941 1441 1160 1518 perceptorum
1185 1441 1216 1500 et
1234 1457 1305 1500 con·

190 1566 380 1643 sumptorum
415 1561 571 1625 fructuum
596 1561 721 1625 nomine
744 1581 814 1624 eum
842 1561 936 1624 iudex
966 1559 1175 1625 condemnare
1204 1561 1306 1624 debut.

190 1685 300 1748 eadem
335 1685 430 1768 igitur
464 1686 503 1750 de
540 1686 751 1769 singularibus
780 1687 812 1748 in
843 1706 909 1750 rem
938 1685 1115 1750 actionibus
1144 1695 1239 1768 atque
1268 1686 1306 1750 do
1328 1695 1360 1746 10

154 1812 345 1893 a.generali,
374 1811 393 1875 i.
422 1831 448 1876 e.
477 1811 659 1876 hereditatis
690 1811 856 1893 petitione,
894 1810 998 1874 dicere
1028 1816 1158 1893 oportet.
1217 1815 1245 1878 3.
1273 1810 1307 1874 si

189 1937 235 2000 ad
259 1936 506 2000 exhibendum
531 1942 634 2001 actum
661 1935 763 2014 fuerit,
789 1954 852 2000 non
880 1935 995 1999 sufficit
1015 1955 1079 2015 reo,
1104 1940 1138 1998 ut
1161 1936 1307 2000 condem·

189 2061 347 2125 nationem
381 2061 471 2142 uitet,
506 2060 534 2124 si
567 2079 633 2124 rem
668 2060 830 2142 exhibeat;
872 2067 921 2124 set
958 2059 1053 2124 etiam
1092 2059 1140 2124 rei
1179 2080 1306 2125 causam

189 2191 352 2270 praestare
387 2186 489 2266 debet,
525 2185 607 2250 idest
643 2185 747 2249 omnia
782 2185 882 2248 actori
913 2185 1070 2266 exhibere,
1106 2205 1188 2266 quac
1220 2185 1307 2250 babi-

190 2317 277 2376 turus
301 2316 385 2376 esset
400 2311 428 2374 si
443 2330 508 2374 rem
525 2310 625 2375 actori
640 2310 704 2374 litis
725 2315 920 2375 contestatae
945 2316 1085 2393 tempore
1110 2309 1306 2375 restituisset.
1328 2318 1359 2370 15

190 2438 297 2518 itaque
332 2437 360 2500 si
386 2435 467 2500 inter
493 2455 598 2499 moras
627 2435 759 2500 actionis
788 2435 832 2498 ad
863 2433 1113 2499 exhibendum
1142 2455 1213 2500 reus
1242 2455 1307 2500 rem

191 2560 385 2643 usucaperit,
416 2559 616 2624 nibilominus
645 2559 913 2640 condemnabitur,
938 2577 1039 2640 neque
1065 2557 1169 2624 dicere
1193 2561 1308 2643 poterit

191 2691 258 2769 ‘per
292 2685 516 2769 usucapionem
548 2685 691 2750 dominus
718 2686 821 2750 factus
857 2705 939 2765 sum,
970 2704 1072 2765 neque
1101 2690 1226 2767 oportet
1258 2706 1307 2749 me

190 2810 391 2875 condemnari
435 2816 466 2874 et
507 2810 540 2874 id
582 2810 761 2888 restituere,
807 2809 890 2889 quod
933 2828 1035 2873 meum
1079 2808 1195 2874 factum
1240 2810 1307 2874 est'.

191 2957 261 3000 cum
289 2935 370 2999 enim
399 2935 439 2998 ad
468 2935 676 3000 exhibendum
704 2935 757 3018 agi
790 2940 933 3017 coeptum
962 2941 1023 3015 est,
1059 2935 1197 2999 nondum
1226 2955 1307 2999 com·
1328 2946 1362 2998 20

190 3061 278 3144 pleta
307 3066 376 3124 erat
405 3060 570 3142 usucapi03
607 3059 751 3140 qruamuis
779 3059 927 3142 deinceps
957 3059 1037 3122 inter
1068 3057 1174 3122 iudicii
1204 3079 1308 3123 moras

192 3185 259 3249 eius
289 3190 411 3267 tempus
441 3184 620 3248 decurrerit.
667 3203 737 3247 cum
769 3183 865 3266 igitur
893 3184 935 3247 ad
962 3183 1025 3248 litis
1049 3184 1307 3248 contestationem

193 3316 338 3392 oporteat
366 3307 497 3388 reuerti,
533 3315 627 3389 atquc
658 3329 708 3372 res
743 3315 816 3373 tunc
847 3309 984 3373 nondum
1019 3308 1112 3372 fuerit
1144 3315 1308 3392 usucapta,

191 3434 302 3498 merito
336 3454 387 3498 res
425 3433 613 3514 restituitur,
653 3433 783 3515 perinde
818 3453 856 3496 ac
891 3434 918 3496 si
952 3453 1111 3514 nunquam
1147 3453 1204 3516 per
1238 3454 1309 3497 usu·

192 3558 357 3641 capionem
392 3557 583 3640 possessoris
618 3557 721 3649 facta¹
737 3577 807 3621 esse
842 3557 1015 3638 uideretur3
1053 3557 1093 3620 ad
1129 3557 1191 3621 litis
1227 3558 1308 3621 enirn
1329 3568 1362 3617 at

193 3689 388 3748 contestatae
431 3691 553 3768 tempus
597 3683 887 3748 condemnationem
930 3681 1173 3748 retrotrahimus.
1234 3681 1309 3746 item
