3384 5314
859 351 1100 421 —469-

423 531 460 595 δὲ
491 528 644 620 ἀντιτεθῇ
676 553 732 610 μοι
760 529 781 616 ή
814 539 872 596 τοίι
905 532 1094 615 temporalia
1128 536 1222 615 pactu
1255 527 1473 616 παραγραφὴ,
1504 527 1537 604 ἐξ

423 637 563 725 ἀνάγκης
585 635 755 724 ἀπαιτήσω
779 636 860 721 μετα
886 636 944 724 την
970 641 1169 702 πενταετίαν.
1215 635 1256 700 ‘0
1277 634 1383 700 ταῦτα
1410 633 1536 714 λογισά-

421 769 517 827 μενος
539 747 642 820 κακῶς
669 742 854 827 βουλεύεται
865 747 897 826 ¹).
943 744 1021 819 τέως
1049 744 1108 828 μὲν
1136 741 1199 826 γὰρ
1226 741 1431 826 ἐκβάλλεται,
1458 740 1536 825 μετὰ

423 851 459 914 δὲ
483 849 701 939 παραδρομὴν
727 859 784 936 τῆς
805 851 1022 937 πενταετίαςέ)
1047 851 1259 937 πειραθεὶςθ),
1288 848 1537 933 ἀντικειμένηνέ)

387 960 482 1034 δέξει
511 955 572 1042 τήν
600 959 647 1022 rei
676 958 834 1023 iudicatae
862 955 1100 1043 παραγραφὴν,
1127 953 1193 1043 ήτις
1221 957 1288 1020 ἐστὶ
1316 963 1537 1041 peremptoria.

420 1063 543 1128 κανόνα
567 1061 629 1150 γὰρ
649 1063 720 1128 λσθι
743 1063 930 1141 καθολικὸν,
954 1063 1005 1128 ὅτι
1028 1065 1176 1129 dilatoria
1198 1060 1396 1151 παραγραφή
1416 1060 1538 1127 ἀντιτε-

337 1174 344 1188 ”
419 1175 516 1234 θεῖσα
532 1173 585 1235 καὶ
601 1169 765 1254 ίσχύυυσα,
780 1175 924 1235 τουτέστι
941 1171 1115 1257 δυνηθεῖσα
1131 1169 1189 1236 τὸν
1205 1177 1315 1235 εἰοῖοευ
1337 1169 1539 1246 ἐξωθεῖσθαι

420 1286 479 1342 τοῦ
508 1277 730 1365 δικαστηρίου,
757 1286 992 1362 peremptorian
1019 1283 1117 1342 τίκτει
1145 1275 1378 1365 παραγραφήν.
1431 1275 1536 1362 τούτῳ

421 1382 481 1448 οὖν
507 1386 553 1472 τῷ
579 1382 688 1471 τρόπῳ
716 1386 771 1470 της
800 1384 891 1470 δίκης
916 1383 934 1451 δ
962 1383 1088 1464 ἐνύγωυ
1114 1383 1276 1448 ἐκπίπτει.
1323 1381 1405 1447 ἀλλά
1435 1391 1540 1448 ταῦτα

368 1507 401 1557 10
420 1491 479 1574 μέν
493 1489 530 1556 τδ
547 1489 707 1555 παλαιόν·
731 1490 750 1556 δ
774 1491 841 1576 δέῧ)
865 1490 1035 1566 θειότατος
1058 1489 1149 1576 ήμῶν
1163 1488 1312 1573 βασιλεύς
1334 1489 1373 1553 ού
1388 1487 1540 1571 βούλεται

419 1596 538 1683 ταύτην
561 1595 678 1662 ἄδικον
701 1596 809 1682 χώραν
837 1596 918 1680 ἐχειν
949 1596 1130 1684 ἀκρίβειαν,
1157 1594 1241 1662 ἀλλά
1265 1616 1375 1683 φησιν·
1404 1594 1464 1660 ἐύυ
1492 1619 1540 1669 τις

419 1703 638 1790 ἐπερωτήσας·
657 1703 878 1788 »ὁμολογεῖς
899 1703 1056 1770 διδόναι
1071 1728 1136 1788 μοι
1155 1701 1247 1787 μετα
1268 1706 1540 1780 πευταετίανι,·

420 1809 438 1898 ἢ
471 1813 525 1876 καὶ
560 1812 711 1886 δανείσας
745 1813 824 1888 τιυὶ,
857 1818 971 1896 μυρίοι]
1001 1811 1175 1899 ποιήσηται
1204 1809 1284 1894 μετὰ
1316 1811 1421 1876 ταῦτα
1451 1808 1540 1898 πρὸς

419 1915 530 1996 αύτδυ,
558 1914 609 1983 ὅτι
634 1921 719 1985 »οὐκ
748 1918 900 1984 ἀπαιτῶ
924 1920 991 1999 σεῦ)
1020 1917 1106 1984 εέσω
1134 1919 1250 1984 πέντε
1277 1917 1468 1982 ἐνιαυτῶν
1496 1915 1539 1981 τὸ

368 2045 399 2095 15
420 2025 441 2089 δ
448 2023 644 2108 ύνεισμαι,
667 2025 739 2090 εέσω
765 2025 801 2090 δέ
822 2028 1011 2101 πενταετίας
1031 2035 1085 2112 της
1100 2027 1278 2111 ἐγκειμένης
1294 2027 1331 2115 τη
1346 2023 1540 2112 ἐπερωτήσει

418 2129 440 2216 ή
462 2132 507 2219 τῷ
535 2133 695 2218 γενομένῳ
724 2139 823 2221 ρέοίῳ
851 2131 979 2222 κινήση,
1006 2133 1114 2220 χώραν
1141 2133 1238 2214 ἐχέτω
1266 2131 1287 2218 ἡ
1317 2129 1459 2218 ζήνωυος
1488 2131 1538 2194 ἐπ’

419 2237 509 2326 αύτῷ
532 2237 720 2325 διάταξιςῖ),
744 2239 1021 2328 η’διαλεγομένηθ)
1045 2242 1118 2328 περὶ
1140 2242 1209 2304 τῶν
1224 2237 1305 2304 κατά
1330 2237 1450 2326 χρόνον
1466 2240 1538 2323 plus

418 2346 654 2429 petiteus'mtwn,
678 2343 743 2433 (ήτις
767 2345 1018 2433 παρακελεύεται
1041 2345 1099 2412 τδν
1122 2345 1273 2412 τοιοῦτόν
1296 2371 1328 2410 τι
1349 2344 1535 2430 πλημμελή-

420 2471 523 2516 σαντα
545 2453 600 2516 καὶ
622 2451 685 2537 πρδ
709 2455 846 2540 τριετὶας
869 2452 969 2537 τυχδν
991 2456 1050 2519 τοῦ
1074 2455 1301 2541 περαιωθῆναι
1324 2451 1386 2538 τήν
1400 2476 1536 2516 πενταε-

366 2578 400 2628 20
418 2560 491 2623 τίαν
513 2557 571 2646 τήν
594 2569 639 2648 τῷ
656 2566 757 2647 ρέοίῳ
781 2560 1012 2646 περιεχομένην
1033 2559 1056 2646 ἢ
1077 2562 1133 2624 καὶ
1156 2561 1339 2645 ἐγκειμένην
1360 2561 1398 2649 τη
1414 2557 1537 2644 ἐπερω-

417 2663 505 2750 τήσει
527 2664 692 2743 κινοῦντα,
716 2663 791 2742 ύςτε
814 2667 916 2754 μηδὲν
939 2667 1091 2732 ἐντεῦθεν
1109 2665 1174 2754 ήδη
1192 2666 1369 2751 λαμβάνειν
1385 2692 1428 2743 τι,
1451 2663 1537 2730 ἀλλά

417 2772 499 2858 καὶδ)
525 2771 798 2848 διπλασιύζεσθαι
820 2776 894 2838 κατ’
916 2772 1020 2838 αὐτοῦ
1042 2772 1103 2860 τήν
1126 2779 1334 2861 προθεσμίαν
1356 2774 1410 2837 καὶ
1434 2770 1536 2852 ἀναγ·

417 2877 576 2954 κοίζεσθαι
604 2877 705 2944 αύτδυ
737 2878 882 2956 ἑξαετίαν
908 2878 1097 2964 ἀναμεῖναι,
1127 2879 1205 2964 μετὰ
1236 2880 1272 2944 δὲ
1301 2878 1359 2966 τήν
1388 2879 1537 2956 ἑξαετίαν

417 2983 489 3050 τότε
505 2987 600 3050 κινῶν
616 2983 767 3074 λήψεται,
790 2983 886 3072 ήυίκα
902 2985 1013 3052 πάντα
1022 2988 1067 3073 ¹⁰).
1082 2986 1236 3076 παράσχη
1251 2985 1293 3052 τά
1315 2985 1539 3073 δαπανήματα

365 3112 398 3162 25
418 3090 437 3157 δ
460 3099 565 3168 ίιυῖωε,
594 3091 656 3157 ὅσα
679 3091 698 3159 δ
720 3100 792 3160 εέοε
816 3093 1021 3181 ἐδαπάνησεν
1048 3095 1196 3178 ἀναχθείς
1223 3092 1291 3179 πρδ
1317 3091 1377 3158 τοῦ
1405 3091 1538 3180 χρόνου.

417 3198 522 3286 τούτῳ
554 3199 591 3262 δέ
618 3208 663 3287 τῷ
692 3198 806 3288 τρόπῳ
837 3201 1115 3288 σωφρονισθέντές
1143 3199 1174 3265 οἳ
1202 3202 1372 3266 creditores
1400 3209 1455 3286 της
1483 3199 1540 3265 ὑπ’

419 3307 531 3370 αὐτῶν
555 3306 729 3392 δεδομένης
753 3305 793 3371 ού
815 3305 1098 3394 καταφρονήσουσι
1121 3312 1336 3392 προθεσμίας.
1386 3287 1436 3374 11'.
1463 3304 1586 3370 Τῶνῖι.

419 3412 456 3476 δὲ
477 3411 654 3477 δίίείοείὥυ
669 3423 897 3501 παραγραφῶν
912 3411 947 3478 αἳ
961 3414 1020 3498 μέν
1035 3411 1106 3478 ἀπὸ
1123 3412 1328 3499 πράγματος,
1351 3411 1387 3477 αἳ
1410 3413 1448 3476 δὲ
1464 3409 1535 3476 ἀπὸ

418 3516 595 3606 προσώπου
619 3517 835 3606 ἀναφύονται.
870 3521 925 3584 καὶ
949 3519 1018 3586 ἀπὸ
1035 3519 1225 3608 πράγματος
1245 3521 1315 3604 μὲν,
1340 3519 1410 3584 σίου
1433 3518 1453 3604 ἡ
1477 3525 1536 3584 τοῦ

509 3767 530 3835 ¹)
551 3772 661 3824 -λεται
679 3768 712 3821 Μ.
732 3769 776 3823 ΙιῙ.
794 3768 837 3822 L2.
856 3768 899 3822 L⁶.
1013 3768 1035 3837 2)
1054 3772 1099 3837 τῆς
1118 3790 1195 3824 πεντ.
1215 3791 1280 3840 παρ.
1299 3769 1342 3822 Ll.
1361 3769 1405 3823 L2.
1424 3769 1467 3822 R:
1488 3767 1537 3837 τήν

418 3859 589 3912 πενταετίαν
606 3856 650 3911 Vi.
669 3858 703 3912 R.
811 3858 834 3926 3)
854 3858 879 3913 εἰ
898 3861 1017 3930 πειραθῇ
1036 3861 1142 3926 κινῆσαι
1160 3858 1204 3912 Vi.
1224 3859 1257 3912 R.
1364 3858 1388 3925 4)
1407 3861 1537 3930 κειμένην

419 3945 467 4000 ΜΛ
487 3944 512 3999 d.
532 3946 575 3998 L¹.
594 3944 636 3998 [λ.
656 3946 686 4000 F.
799 3947 820 4014 ⁵)
839 3946 886 4000 M.:
907 3950 958 4000 cet.
979 3944 1098 4018 σήμερον
1117 3948 1148 4001 δὲ
1167 3944 1189 4001 ὅ.
1302 3946 1323 4012 ⁰)
1343 3945 1373 4001 τὸ
1393 3943 1454 4002 δάν.
1473 3945 1499 3999 h.
1520 3946 1536 3999 l.

420 4033 465 4086 Vi.
484 4033 513 4087 F.
533 4034 566 4086 R.
675 4035 696 4100 ⁷)
716 4032 785 4088 διύτ.
806 4034 848 4089 ἐπ’
869 4033 924 4089 αἷτ.
944 4033 987 4087 Vi.
1008 4034 1037 4086 F.
1057 4034 1090 4090 R.
1198 4034 1219 4101 θ)
1239 4039 1297 4105 λεγ.
1316 4035 1359 4090 Ῑιῦ.
1468 4035 1491 4101 ⁹)
1511 4033 1535 4086 d.

420 4121 462 4174 Vi.
483 4123 515 4174 R.
627 4121 768 4189 1⁰)d.Vi.
789 4121 821 4175 G.
