3370 5350
582 441 810 507 -280-

97 644 118 693 3.
135 628 238 692 odeat.
282 627 312 690 3.
346 628 570 694 Praeferuntur
591 635 696 696 autern
726 632 817 696 matri
838 631 871 696 in
893 631 1068 698 hereditate
1088 631 1181 700 liberi
1202 633 1255 700 de·

135 745 242 811 functi.
287 749 313 812 si
336 748 417 812 enirn
440 751 509 828 quis
531 749 646 814 liberos
668 759 861 831 matremque
884 749 1060 834 relinquens
1076 752 1252 831 decesserit,

133 865 201 930 eius
226 865 316 932 tiberi
338 867 479 946 adibunt,
496 871 549 952 qui
564 871 612 934 sui
628 870 692 934 sint
714 869 765 935 uel
786 889 913 937 suorum
936 872 1013 950 loco,
1036 871 1135 937 ueluti
1151 891 1254 936 ernan-

132 985 243 1064 cipati:
267 987 334 1051 siue
356 987 448 1068 primi
474 989 590 1068 padus
612 989 679 1054 siue
701 991 827 1056 secundi
858 989 926 1056 siue
954 991 1119 1056 ulterioris
1163 991 1189 1054 si
1212 989 1252 1054 fe-

131 1105 218 1170 mina
244 1103 287 1169 sit
313 1111 446 1184 mortua,
475 1106 573 1186 ipsius
595 1108 650 1172 filii
680 1107 783 1172 auiam
813 1127 902 1174 suam
929 1107 1095 1174 succedere
1125 1126 1185 1172 non
1214 1110 1251 1174 si·
1287 1106 1303 1156 ⁵

131 1230 222 1288 nunt.
245 1222 297 1287 uir
312 1223 362 1289 uel
377 1224 491 1289 femina
506 1225 656 1290 decessit:
679 1233 769 1308 pater
790 1227 925 1304 extabat,
948 1227 980 1291 in
995 1227 1083 1292 cuius
1098 1233 1253 1308 potestate

130 1358 190 1404 non
216 1348 322 1406 erant:
345 1345 472 1408 extabat
494 1352 526 1409 et
541 1351 653 1410 mater:
676 1353 765 1426 pater
787 1351 1005 1427 praeponetur.
1028 1347 1056 1410 si
1077 1364 1151 1412 uero
1174 1365 1252 1410 auus

130 1460 179 1525 uel
202 1480 343 1542 proauus
366 1470 502 1542 extaret,
525 1465 575 1529 cui
604 1464 693 1530 liberi
715 1484 775 1531 non
799 1473 920 1544 essent,
948 1473 1022 1530 tunc
1043 1471 1143 1529 mater
1165 1485 1253 1546 prae-

129 1579 277 1660 ferretur,
301 1589 484 1648 contraeas
506 1589 628 1648 tanturn
652 1585 691 1649 de
712 1584 885 1650 hereditate
913 1589 1045 1650 certans.
1097 1589 1129 1649 et
1155 1585 1253 1648 frater

130 1698 273 1766 defuncti
293 1702 343 1765 uel
371 1701 536 1768 defunctae
566 1704 814 1784 consanguineus
841 1702 939 1786 ipsius
968 1704 1061 1768 matri
1090 1703 1303 1783 praeponi-10

128 1829 190 1886 tur.
232 1823 257 1886 si
281 1839 356 1886 uero
379 1823 608 1904 consanguinea
630 1828 715 1888 extet
736 1841 833 1901 soror,
857 1825 1024 1889 concurrit:
1048 1823 1106 1888 hoc
1129 1829 1177 1888 est
1198 1839 1252 1900 pa·

128 1943 205 2006 riter
230 1941 418 2006 admittitur.
463 1941 491 2004 si
514 1960 589 2006 uero
611 1940 709 2008 frater
732 1959 820 2006 soror
841 1948 874 2008 et
895 1948 995 2007 mater
1017 1947 1169 2017 extarent,
1191 1939 1251 2004 fra-

126 2067 176 2126 ter
197 2062 294 2125 matri
315 2062 582 2143 praeponebatur,
602 2061 745 2143 quamuis
767 2063 816 2126 ius
838 2061 971 2127 filiorum
1000 2061 1145 2126 baberet:
1173 2077 1251 2124 conr·

126 2181 232 2243 rnunis
254 2185 359 2244 autern
382 2187 451 2244 erat
472 2179 629 2244 hereditas
651 2179 743 2245 fratri
765 2199 801 2244 ac
823 2180 939 2256 sorori,
963 2180 1006 2243 ita
1036 2185 1072 2243 ut
1094 2180 1160 2243 siue
1183 2183 1251 2242 tan·

125 2305 191 2364 turn
215 2298 316 2364 frater
338 2297 484 2365 defuncto
507 2306 599 2372 esset,
621 2299 690 2365 siue
711 2298 808 2365 frater
830 2317 867 2364 ac
889 2317 978 2364 soror
1000 2304 1032 2362 et
1053 2302 1163 2375 mater,
1186 2315 1301 2368 rna-15

124 2427 172 2484 ter
195 2417 425 2484 excluderetur.
463 2418 490 2482 si
512 2437 588 2482 uero
611 2417 709 2484 frater
730 2437 792 2483 non
815 2423 907 2495 extet,
932 2423 1016 2482 extet
1037 2421 1141 2481 autern
1160 2433 1250 2482 soror

125 2545 249 2603 tantum
272 2543 305 2602 et
326 2545 435 2616 mater,
457 2543 532 2602 tunc
546 2539 705 2604 semissem
728 2544 836 2615 mater,
860 2536 1019 2605 semissem
1043 2541 1075 2602 et
1096 2553 1186 2602 soror
1200 2553 1250 2600 ca-

86 2675 107 2722 4.
124 2657 197 2737 piet.
253 2657 284 2719 4.
323 2655 408 2722 Haec
434 2676 511 2722 uero
539 2658 728 2739 antiquitus:
755 2658 935 2723 constitutio
964 2661 1068 2720 autem
1098 2654 1248 2736 principis

124 2778 224 2842 nostri
248 2774 315 2840 lata
337 2781 386 2840 est
406 2793 487 2856 quae
508 2783 542 2842 et
565 2777 596 2841 in
619 2776 687 2841 eius
711 2776 815 2841 codice
838 2782 887 2841 est
908 2775 1043 2852 inserta,
1074 2791 1137 2853 qua
1159 2780 1248 2838 natu·

123 2915 188 2960 ram
213 2894 386 2978 respiciens
402 2902 434 2961 et
448 2895 605 2978 puerperii
620 2895 801 2977 periculum,
825 2893 909 2976 quod
925 2894 1092 2976 aliquando
1114 2898 1145 2957 et
1167 2911 1247 2957 mor·
1263 2919 1300 2971 20

123 3023 184 3081 tem
214 3015 376 3093 intulerit,
410 3015 504 3079 matri
534 3014 780 3080 subueniendum
810 3032 878 3079 esse
908 3013 1086 3079 constituit:
1115 3013 1246 3091 ideoque

122 3134 253 3216 impium
266 3151 336 3199 ease
347 3135 478 3200 credidit
489 3135 709 3200 detrimentum
722 3135 749 3199 ei
761 3134 874 3199 adduci
884 3132 1013 3198 fortuito
1025 3149 1108 3210 casu,
1120 3149 1180 3196 non
1192 3149 1245 3195 uo-

171 4330 275 4380 Theoph·
288 4329 400 4370 Antecess·
414 4341 455 4370 rec.
470 4327 560 4370 reniet.
