<?xml version="1.0" encoding="UTF-8"?>
<!DOCTYPE html PUBLIC "-//W3C//DTD XHTML 1.0 Transitional//EN"
    "http://www.w3.org/TR/xhtml1/DTD/xhtml1-transitional.dtd">
<html xmlns="http://www.w3.org/1999/xhtml" xml:lang="en" lang="en">
 <head>
  <title>
</title>
<meta http-equiv="Content-Type" content="text/html;charset=utf-8" />
  <meta name='ocr-system' content='tesseract 3.04.00' />
  <meta name='ocr-capabilities' content='ocr_page ocr_carea ocr_par ocr_line ocrx_word'/>
</head>
<body>
  <div class='ocr_page' id='page_1' title='image "./institutionumgr01linggoog_0270.png"; bbox 0 0 3298 5322; ppageno 0'>
   <div class='ocr_carea' id='block_1_1' title="bbox 837 341 1078 403">
    <p class='ocr_par' dir='ltr' id='par_1_1' title="bbox 837 341 1078 403">
     <span class='ocr_line' id='line_1_1' title="bbox 837 341 1078 403; baseline -0.004 0"><span class='ocrx_word' id='word_1_1' title='bbox 837 341 1078 403; x_wconf 85' lang='lat'>-381—</span> 
     </span>
    </p>
   </div>
   <div class='ocr_carea' id='block_1_2' title="bbox 342 511 1559 2626">
    <p class='ocr_par' dir='ltr' id='par_1_2' title="bbox 342 511 1559 2626">
     <span class='ocr_line' id='line_1_2' title="bbox 396 511 1519 601; baseline 0 -23"><span class='ocrx_word' id='word_1_2' title='bbox 396 511 456 578; x_wconf 77' lang='grc' dir='ltr'><strong><em>ἐπὶ</em></strong></span> <span class='ocrx_word' id='word_1_3' title='bbox 479 511 601 598; x_wconf 80' lang='grc' dir='ltr'><strong><em>ταύτην</em></strong></span> <span class='ocrx_word' id='word_1_4' title='bbox 627 512 744 600; x_wconf 83' lang='grc' dir='ltr'><strong><em>δρῶσιν</em></strong></span> <span class='ocrx_word' id='word_1_5' title='bbox 767 511 799 577; x_wconf 81' lang='grc' dir='ltr'><strong><em>οἰ</em></strong></span> <span class='ocrx_word' id='word_1_6' title='bbox 821 511 1105 589; x_wconf 85' lang='grc' dir='ltr'><strong><em>συναλλάττοντες,</em></strong></span> <span class='ocrx_word' id='word_1_7' title='bbox 1127 518 1182 576; x_wconf 87' lang='grc' dir='ltr'><strong><em>καί</em></strong></span> <span class='ocrx_word' id='word_1_8' title='bbox 1202 537 1285 588; x_wconf 88' lang='grc' dir='ltr'><strong><em>τινες</em></strong></span> <span class='ocrx_word' id='word_1_9' title='bbox 1293 516 1315 596; x_wconf 85' lang='lat'><strong><em>¹)</em></strong></span> <span class='ocrx_word' id='word_1_10' title='bbox 1337 512 1519 601; x_wconf 81' lang='grc' dir='ltr'><strong><em>προλήψεις</em></strong></span> 
     </span>
     <span class='ocr_line' id='line_1_3' title="bbox 393 616 1519 705; baseline 0.004 -23"><span class='ocrx_word' id='word_1_11' title='bbox 393 623 504 705; x_wconf 78' lang='grc' dir='ltr'><strong><em>ἐτεραι</em></strong></span> <span class='ocrx_word' id='word_1_12' title='bbox 520 616 586 684; x_wconf 79' lang='grc' dir='ltr'><strong><em>ὑπὸ</em></strong></span> <span class='ocrx_word' id='word_1_13' title='bbox 602 618 718 705; x_wconf 81' lang='grc' dir='ltr'><strong><em>ἑτέρων</em></strong></span> <span class='ocrx_word' id='word_1_14' title='bbox 732 617 770 684; x_wconf 86' lang='grc' dir='ltr'><strong><em>ἐν</em></strong></span> <span class='ocrx_word' id='word_1_15' title='bbox 785 618 913 694; x_wconf 77' lang='grc' dir='ltr'><strong><em>τούτοις</em></strong></span> <span class='ocrx_word' id='word_1_16' title='bbox 928 617 1093 705; x_wconf 75' lang='grc' dir='ltr'><strong><em>εἰσήγοντο</em></strong></span> <span class='ocrx_word' id='word_1_17' title='bbox 1109 631 1177 694; x_wconf 79' lang='grc' dir='ltr'><strong><em>τοῖς</em></strong></span> <span class='ocrx_word' id='word_1_18' title='bbox 1192 620 1325 702; x_wconf 79' lang='grc' dir='ltr'><strong><em>θέμασι,</em></strong></span> <span class='ocrx_word' id='word_1_19' title='bbox 1349 618 1404 684; x_wconf 80' lang='grc' dir='ltr'><strong><em>διά</em></strong></span> <span class='ocrx_word' id='word_1_20' title='bbox 1422 629 1519 686; x_wconf 75' lang='grc' dir='ltr'><strong><em>τοῦτο</em></strong></span> 
     </span>
     <span class='ocr_line' id='line_1_4' title="bbox 400 724 1520 814; baseline 0.003 -25"><span class='ocrx_word' id='word_1_21' title='bbox 400 724 516 790; x_wconf 82' lang='grc' dir='ltr'><strong><em>πάσαν</em></strong></span> <span class='ocrx_word' id='word_1_22' title='bbox 539 724 741 812; x_wconf 83' lang='grc' dir='ltr'><strong><em>οἰμφιβολίαν</em></strong></span> <span class='ocrx_word' id='word_1_23' title='bbox 769 725 950 813; x_wconf 83' lang='grc' dir='ltr'><strong><em>άναιροῖσα</em></strong></span> <span class='ocrx_word' id='word_1_24' title='bbox 974 730 1085 806; x_wconf 83' lang='grc' dir='ltr'><strong><em>γέγονε</em></strong></span> <span class='ocrx_word' id='word_1_25' title='bbox 1114 725 1260 803; x_wconf 79' lang='grc' dir='ltr'><strong><em>διάταξις</em></strong></span> <span class='ocrx_word' id='word_1_26' title='bbox 1283 735 1341 793; x_wconf 81' lang='grc' dir='ltr'><strong><em>τοῦ</em></strong></span> <span class='ocrx_word' id='word_1_27' title='bbox 1368 726 1520 814; x_wconf 77' lang='grc' dir='ltr'><strong><em>ἡμετέρου</em></strong></span> 
     </span>
     <span class='ocr_line' id='line_1_5' title="bbox 399 829 1521 920; baseline 0.004 -26"><span class='ocrx_word' id='word_1_28' title='bbox 399 833 567 914; x_wconf 83' lang='grc' dir='ltr'><strong><em>βασιλέως,</em></strong></span> <span class='ocrx_word' id='word_1_29' title='bbox 590 831 656 918; x_wconf 83' lang='grc' dir='ltr'><strong><em>ήτις</em></strong></span> <span class='ocrx_word' id='word_1_30' title='bbox 680 841 827 920; x_wconf 81' lang='grc' dir='ltr'><strong><em>φανερῶς</em></strong></span> <span class='ocrx_word' id='word_1_31' title='bbox 845 831 938 918; x_wconf 77' lang='grc' dir='ltr'><strong><em>ὥρισε</em></strong></span> <span class='ocrx_word' id='word_1_32' title='bbox 953 829 1026 897; x_wconf 88' lang='grc' dir='ltr'><strong><em>τότε</em></strong></span> <span class='ocrx_word' id='word_1_33' title='bbox 1048 831 1151 915; x_wconf 85' lang='grc' dir='ltr'><strong><em>μάνον</em></strong></span> <span class='ocrx_word' id='word_1_34' title='bbox 1171 838 1322 913; x_wconf 80' lang='grc' dir='ltr'><strong><em>γίνεσθαι</em></strong></span> <span class='ocrx_word' id='word_1_35' title='bbox 1337 841 1521 910; x_wconf 79' lang='lat' dir='ltr'>nouationa,</span> 
     </span>
     <span class='ocr_line' id='line_1_6' title="bbox 363 937 1523 1026; baseline 0 -22"><span class='ocrx_word' id='word_1_36' title='bbox 363 937 497 1024; x_wconf 70' lang='grc' dir='ltr'><strong><em>σήνὶκα</em></strong></span> <span class='ocrx_word' id='word_1_37' title='bbox 520 947 616 1004; x_wconf 79' lang='grc' dir='ltr'><strong><em>τοῦτο</em></strong></span> <span class='ocrx_word' id='word_1_38' title='bbox 640 937 720 1006; x_wconf 82' lang='grc' dir='ltr'><strong><em>αδτδ</em></strong></span> <span class='ocrx_word' id='word_1_39' title='bbox 744 937 864 1022; x_wconf 81' lang='grc' dir='ltr'><strong><em>μεταξδ</em></strong></span> <span class='ocrx_word' id='word_1_40' title='bbox 886 947 951 1003; x_wconf 83' lang='grc' dir='ltr'><strong><em>τῶν</em></strong></span> <span class='ocrx_word' id='word_1_41' title='bbox 975 937 1262 1004; x_wconf 88' lang='grc' dir='ltr'><strong><em>συναλλαττόντων</em></strong></span> <span class='ocrx_word' id='word_1_42' title='bbox 1284 938 1523 1026; x_wconf 62' lang='grc' dir='ltr'><strong><em>ἐξεφωνήθηί),</em></strong></span> 
     </span>
     <span class='ocr_line' id='line_1_7' title="bbox 396 1043 1524 1133; baseline 0.002 -23"><span class='ocrx_word' id='word_1_43' title='bbox 396 1043 450 1110; x_wconf 72' lang='grc' dir='ltr'><strong><em>ὅτι</em></strong></span> <span class='ocrx_word' id='word_1_44' title='bbox 478 1044 532 1110; x_wconf 83' lang='grc' dir='ltr'><strong><em>διά</em></strong></span> <span class='ocrx_word' id='word_1_45' title='bbox 563 1054 736 1112; x_wconf 80' lang='lat' dir='ltr'>nouatlona</span> <span class='ocrx_word' id='word_1_46' title='bbox 763 1055 817 1131; x_wconf 76' lang='grc' dir='ltr'><strong><em>της</em></strong></span> <span class='ocrx_word' id='word_1_47' title='bbox 848 1045 1010 1132; x_wconf 72' lang='grc' dir='ltr'><strong><em>προτέρας</em></strong></span> <span class='ocrx_word' id='word_1_48' title='bbox 1030 1045 1150 1132; x_wconf 83' lang='grc' dir='ltr'><strong><em>ἐνοχής</em></strong></span> <span class='ocrx_word' id='word_1_49' title='bbox 1176 1045 1236 1112; x_wconf 83' lang='grc' dir='ltr'><strong><em>ἐπὶ</em></strong></span> <span class='ocrx_word' id='word_1_50' title='bbox 1262 1044 1320 1133; x_wconf 83' lang='grc' dir='ltr'><strong><em>τήν</em></strong></span> <span class='ocrx_word' id='word_1_51' title='bbox 1347 1055 1524 1132; x_wconf 80' lang='grc' dir='ltr'><strong><em>παροῦσαν</em></strong></span> 
     </span>
     <span class='ocr_line' id='line_1_8' title="bbox 399 1150 1525 1241; baseline 0.003 -27"><span class='ocrx_word' id='word_1_52' title='bbox 399 1150 507 1239; x_wconf 81' lang='grc' dir='ltr'><strong><em>ἦλθον</em></strong></span> <span class='ocrx_word' id='word_1_53' title='bbox 529 1151 734 1240; x_wconf 83' lang='grc' dir='ltr'><strong><em>ἐπεράπησιν.</em></strong></span> <span class='ocrx_word' id='word_1_54' title='bbox 781 1151 902 1219; x_wconf 77' lang='grc' dir='ltr'><strong><em>τούτου</em></strong></span> <span class='ocrx_word' id='word_1_55' title='bbox 926 1152 962 1215; x_wconf 75' lang='grc' dir='ltr'><strong><em>δὲ</em></strong></span> <span class='ocrx_word' id='word_1_56' title='bbox 985 1151 1027 1239; x_wconf 84' lang='grc' dir='ltr'><strong><em>μή</em></strong></span> <span class='ocrx_word' id='word_1_57' title='bbox 1051 1153 1235 1236; x_wconf 83' lang='grc' dir='ltr'><strong><em>γενομένου,</em></strong></span> <span class='ocrx_word' id='word_1_58' title='bbox 1257 1155 1311 1217; x_wconf 86' lang='grc' dir='ltr'><strong><em>καί</em></strong></span> <span class='ocrx_word' id='word_1_59' title='bbox 1333 1152 1352 1240; x_wconf 86' lang='grc' dir='ltr'><strong><em>ή</em></strong></span> <span class='ocrx_word' id='word_1_60' title='bbox 1376 1158 1525 1241; x_wconf 84' lang='grc' dir='ltr'><strong><em>προτέρα</em></strong></span> 
     </span>
     <span class='ocr_line' id='line_1_9' title="bbox 399 1257 1525 1347; baseline 0 -23"><span class='ocrx_word' id='word_1_61' title='bbox 399 1264 487 1342; x_wconf 85' lang='grc' dir='ltr'><strong><em>μένει</em></strong></span> <span class='ocrx_word' id='word_1_62' title='bbox 507 1257 606 1346; x_wconf 86' lang='grc' dir='ltr'><strong><em>ἐνοχή</em></strong></span> <span class='ocrx_word' id='word_1_63' title='bbox 627 1257 685 1325; x_wconf 83' lang='grc' dir='ltr'><strong><em>ἐπὶ</em></strong></span> <span class='ocrx_word' id='word_1_64' title='bbox 713 1258 878 1346; x_wconf 85' lang='grc' dir='ltr'><strong><em>σχήματος</em></strong></span> <span class='ocrx_word' id='word_1_65' title='bbox 902 1262 955 1323; x_wconf 85' lang='grc' dir='ltr'><strong><em>καί</em></strong></span> <span class='ocrx_word' id='word_1_66' title='bbox 979 1258 997 1346; x_wconf 79' lang='grc' dir='ltr'><strong><em>ή</em></strong></span> <span class='ocrx_word' id='word_1_67' title='bbox 1021 1259 1155 1346; x_wconf 84' lang='grc' dir='ltr'><strong><em>δευτέρα</em></strong></span> <span class='ocrx_word' id='word_1_68' title='bbox 1184 1265 1399 1347; x_wconf 84' lang='grc' dir='ltr'><strong><em>προςτίθεται</em></strong></span> <span class='ocrx_word' id='word_1_69' title='bbox 1425 1263 1482 1324; x_wconf 88' lang='grc' dir='ltr'><strong><em>καί</em></strong></span> <span class='ocrx_word' id='word_1_70' title='bbox 1507 1259 1525 1324; x_wconf 78' lang='grc' dir='ltr'><strong><em>δ</em></strong></span> 
     </span>
     <span class='ocr_line' id='line_1_10' title="bbox 400 1364 1525 1452; baseline 0.002 -22"><span class='ocrx_word' id='word_1_71' title='bbox 400 1372 471 1432; x_wconf 62' lang='lat' dir='ltr'>reos</span> <span class='ocrx_word' id='word_1_72' title='bbox 501 1365 620 1432; x_wconf 83' lang='grc' dir='ltr'><strong><em>λοιπὸν</em></strong></span> <span class='ocrx_word' id='word_1_73' title='bbox 648 1365 684 1442; x_wconf 81' lang='grc' dir='ltr'><strong><em>ἐξ</em></strong></span> <span class='ocrx_word' id='word_1_74' title='bbox 711 1365 863 1452; x_wconf 78' lang='grc' dir='ltr'><strong><em>ἑκατέρας</em></strong></span> <span class='ocrx_word' id='word_1_75' title='bbox 897 1369 1002 1441; x_wconf 78' lang='grc' dir='ltr'><strong><em>αἰτίας</em></strong></span> <span class='ocrx_word' id='word_1_76' title='bbox 1037 1365 1150 1446; x_wconf 72' lang='grc' dir='ltr'><strong><em>ἔνοχος</em></strong></span> <span class='ocrx_word' id='word_1_77' title='bbox 1177 1365 1266 1432; x_wconf 79' lang='grc' dir='ltr'><strong><em>ἐσται</em></strong></span> <span class='ocrx_word' id='word_1_78' title='bbox 1293 1391 1349 1450; x_wconf 91' lang='grc' dir='ltr'><strong><em>μοι</em></strong></span> <span class='ocrx_word' id='word_1_79' title='bbox 1357 1368 1397 1450; x_wconf 81' lang='lat'><strong><em>³),</em></strong></span> <span class='ocrx_word' id='word_1_80' title='bbox 1427 1364 1525 1432; x_wconf 75' lang='grc' dir='ltr'><strong><em>καθά</em></strong></span> 
     </span>
     <span class='ocr_line' id='line_1_11' title="bbox 349 1470 1524 1563; baseline 0.001 -26"><span class='ocrx_word' id='word_1_81' title='bbox 349 1487 383 1537; x_wconf 91' lang='grc'><strong><em>10</em></strong></span> <span class='ocrx_word' id='word_1_82' title='bbox 403 1470 569 1557; x_wconf 80' lang='grc' dir='ltr'><strong><em>διώρισται</em></strong></span> <span class='ocrx_word' id='word_1_83' title='bbox 596 1471 634 1563; x_wconf 80' lang='grc' dir='ltr'><strong><em>τή</em></strong></span> <span class='ocrx_word' id='word_1_84' title='bbox 657 1471 737 1562; x_wconf 78' lang='grc' dir='ltr'><strong><em>αὐτή</em></strong></span> <span class='ocrx_word' id='word_1_85' title='bbox 760 1478 838 1553; x_wconf 80' lang='grc' dir='ltr'><strong><em>θείᾳ</em></strong></span> <span class='ocrx_word' id='word_1_86' title='bbox 863 1471 1019 1549; x_wconf 84' lang='grc' dir='ltr'><strong><em>διατάξει.</em></strong></span> <span class='ocrx_word' id='word_1_87' title='bbox 1062 1471 1167 1538; x_wconf 72' lang='grc' dir='ltr'><strong><em>ταῦτα</em></strong></span> <span class='ocrx_word' id='word_1_88' title='bbox 1191 1474 1227 1537; x_wconf 81' lang='grc' dir='ltr'><strong><em>δὲ</em></strong></span> <span class='ocrx_word' id='word_1_89' title='bbox 1250 1472 1382 1558; x_wconf 50' lang='grc' dir='ltr'><strong><em>ἐξεστιέ)</em></strong></span> <span class='ocrx_word' id='word_1_90' title='bbox 1406 1471 1524 1538; x_wconf 81' lang='grc' dir='ltr'><strong><em>τελειό-</em></strong></span> 
     </span>
     <span class='ocr_line' id='line_1_12' title="bbox 401 1577 1559 1667; baseline 0.003 -25"><span class='ocrx_word' id='word_1_91' title='bbox 401 1581 524 1663; x_wconf 60' lang='grc' dir='ltr'><strong><em>τερουῧ)</em></strong></span> <span class='ocrx_word' id='word_1_92' title='bbox 549 1577 606 1666; x_wconf 81' lang='grc' dir='ltr'><strong><em>τήν</em></strong></span> <span class='ocrx_word' id='word_1_93' title='bbox 629 1580 794 1664; x_wconf 79' lang='grc' dir='ltr'><strong><em>εἰρημένην</em></strong></span> <span class='ocrx_word' id='word_1_94' title='bbox 817 1577 1006 1658; x_wconf 84' lang='grc' dir='ltr'><strong><em>άναγνάντα</em></strong></span> <span class='ocrx_word' id='word_1_95' title='bbox 1030 1578 1181 1656; x_wconf 86' lang='grc' dir='ltr'><strong><em>διάταξιν</em></strong></span> <span class='ocrx_word' id='word_1_96' title='bbox 1203 1585 1335 1662; x_wconf 84' lang='grc' dir='ltr'><strong><em>μαθεῖν.</em></strong></span> <span class='ocrx_word' id='word_1_97' title='bbox 1375 1587 1406 1646; x_wconf 85' lang='grc'><strong><em>4.</em></strong></span> <span class='ocrx_word' id='word_1_98' title='bbox 1430 1578 1559 1667; x_wconf 85' lang='grc' dir='ltr'><strong><em>Πρδς4.</em></strong></span> 
     </span>
     <span class='ocr_line' id='line_1_13' title="bbox 399 1684 1528 1773; baseline 0.002 -25"><span class='ocrx_word' id='word_1_99' title='bbox 399 1699 467 1760; x_wconf 83' lang='grc' dir='ltr'><strong><em>τοῖς</em></strong></span> <span class='ocrx_word' id='word_1_100' title='bbox 495 1689 670 1772; x_wconf 86' lang='grc' dir='ltr'><strong><em>εἰρημένοις</em></strong></span> <span class='ocrx_word' id='word_1_101' title='bbox 697 1685 737 1750; x_wconf 80' lang='grc' dir='ltr'><strong><em>τά</em></strong></span> <span class='ocrx_word' id='word_1_102' title='bbox 766 1684 837 1753; x_wconf 75' lang='grc' dir='ltr'><strong><em>α’πδ</em></strong></span> <span class='ocrx_word' id='word_1_103' title='bbox 870 1708 1025 1751; x_wconf 77' lang='lat' dir='ltr'>consensu</span> <span class='ocrx_word' id='word_1_104' title='bbox 1055 1685 1239 1773; x_wconf 73' lang='grc' dir='ltr'><strong><em>ἐγειρόμενα</em></strong></span> <span class='ocrx_word' id='word_1_105' title='bbox 1268 1685 1528 1770; x_wconf 74' lang='grc' dir='ltr'><strong><em>συναλλάγματα</em></strong></span> 
     </span>
     <span class='ocr_line' id='line_1_14' title="bbox 399 1791 1528 1881; baseline 0.002 -27"><span class='ocrx_word' id='word_1_106' title='bbox 399 1791 435 1881; x_wconf 82' lang='grc' dir='ltr'><strong><em>τή</em></strong></span> <span class='ocrx_word' id='word_1_107' title='bbox 462 1793 593 1873; x_wconf 79' lang='grc' dir='ltr'><strong><em>ἐναντίᾳ</em></strong></span> <span class='ocrx_word' id='word_1_108' title='bbox 614 1791 782 1858; x_wconf 76' lang='grc' dir='ltr'><strong><em>διαλύεται</em></strong></span> <span class='ocrx_word' id='word_1_109' title='bbox 804 1791 965 1880; x_wconf 88' lang='grc' dir='ltr'><strong><em>βουλήσει·</em></strong></span> <span class='ocrx_word' id='word_1_110' title='bbox 990 1796 1017 1856; x_wconf 87' lang='grc' dir='ltr'><strong><em>εἰ</em></strong></span> <span class='ocrx_word' id='word_1_111' title='bbox 1040 1792 1102 1878; x_wconf 82' lang='grc' dir='ltr'><strong><em>γάρ</em></strong></span> <span class='ocrx_word' id='word_1_112' title='bbox 1127 1791 1189 1872; x_wconf 75' lang='grc' dir='ltr'><strong><em>ἐγώ</em></strong></span> <span class='ocrx_word' id='word_1_113' title='bbox 1212 1791 1295 1879; x_wconf 78' lang='grc' dir='ltr'><strong><em>πρὸς</em></strong></span> <span class='ocrx_word' id='word_1_114' title='bbox 1319 1795 1426 1858; x_wconf 80' lang='lat' dir='ltr'>Tition</span> <span class='ocrx_word' id='word_1_115' title='bbox 1444 1795 1528 1879; x_wconf 80' lang='grc' dir='ltr'><strong><em>περὶ</em></strong></span> 
     </span>
     <span class='ocr_line' id='line_1_15' title="bbox 405 1896 1526 1986; baseline 0 -24"><span class='ocrx_word' id='word_1_116' title='bbox 405 1896 554 1984; x_wconf 81' lang='grc' dir='ltr'><strong><em>πράσεως</em></strong></span> <span class='ocrx_word' id='word_1_117' title='bbox 578 1900 781 1984; x_wconf 61' lang='grc' dir='ltr'><strong><em>διελέχθηνθ)</em></strong></span> <span class='ocrx_word' id='word_1_118' title='bbox 807 1897 1011 1984; x_wconf 87' lang='grc' dir='ltr'><strong><em>πράγματος,</em></strong></span> <span class='ocrx_word' id='word_1_119' title='bbox 1037 1899 1113 1974; x_wconf 80' lang='grc' dir='ltr'><strong><em>ὥςτε</em></strong></span> <span class='ocrx_word' id='word_1_120' title='bbox 1136 1897 1237 1966; x_wconf 78' lang='grc' dir='ltr'><strong><em>αὐτὸν</em></strong></span> <span class='ocrx_word' id='word_1_121' title='bbox 1259 1899 1421 1986; x_wconf 78' lang='grc' dir='ltr'><strong><em>α’γορᾶσαι</em></strong></span> <span class='ocrx_word' id='word_1_122' title='bbox 1437 1901 1526 1986; x_wconf 88' lang='grc' dir='ltr'><strong><em>παρ’</em></strong></span> 
     </span>
     <span class='ocr_line' id='line_1_16' title="bbox 350 2004 1528 2092; baseline 0.002 -24"><span class='ocrx_word' id='word_1_123' title='bbox 350 2019 381 2069; x_wconf 82' lang='lat'><strong><em>15</em></strong></span> <span class='ocrx_word' id='word_1_124' title='bbox 402 2007 481 2087; x_wconf 73' lang='grc' dir='ltr'><strong><em>ἐμοῦ</em></strong></span> <span class='ocrx_word' id='word_1_125' title='bbox 503 2004 599 2071; x_wconf 85' lang='grc' dir='ltr'><strong><em>τόνδε</em></strong></span> <span class='ocrx_word' id='word_1_126' title='bbox 621 2005 678 2071; x_wconf 80' lang='grc' dir='ltr'><strong><em>τὸν</em></strong></span> <span class='ocrx_word' id='word_1_127' title='bbox 701 2004 804 2092; x_wconf 82' lang='grc' dir='ltr'><strong><em>οῗγρδν</em></strong></span> <span class='ocrx_word' id='word_1_128' title='bbox 833 2004 949 2072; x_wconf 78' lang='grc' dir='ltr'><strong><em>ἑκατόν</em></strong></span> <span class='ocrx_word' id='word_1_129' title='bbox 972 2005 1196 2089; x_wconf 86' lang='grc' dir='ltr'><strong><em>νομισμάτων,</em></strong></span> <span class='ocrx_word' id='word_1_130' title='bbox 1223 2010 1293 2070; x_wconf 78' lang='grc' dir='ltr'><strong><em>εἶτα</em></strong></span> <span class='ocrx_word' id='word_1_131' title='bbox 1322 2027 1356 2072; x_wconf 81' lang='grc' dir='ltr'><strong><em>το</em></strong></span> <span class='ocrx_word' id='word_1_132' title='bbox 1383 2007 1528 2072; x_wconf 88' lang='lat' dir='ltr'><strong>nondum</strong></span> 
     </span>
     <span class='ocr_line' id='line_1_17' title="bbox 402 2110 1529 2200; baseline -0.001 -22"><span class='ocrx_word' id='word_1_133' title='bbox 402 2120 519 2196; x_wconf 72' lang='lat' dir='ltr'><strong>secuta,</strong></span> <span class='ocrx_word' id='word_1_134' title='bbox 531 2118 676 2178; x_wconf 84' lang='grc' dir='ltr'><strong><em>τουτέστι</em></strong></span> <span class='ocrx_word' id='word_1_135' title='bbox 691 2112 767 2198; x_wconf 88' lang='grc' dir='ltr'><strong><em>μήτε</em></strong></span> <span class='ocrx_word' id='word_1_136' title='bbox 783 2112 964 2199; x_wconf 85' lang='grc' dir='ltr'><strong><em>τιμήματος</em></strong></span> <span class='ocrx_word' id='word_1_137' title='bbox 980 2117 1243 2197; x_wconf 69' lang='grc' dir='ltr'><strong><em>καταβληθέντος</em></strong></span> <span class='ocrx_word' id='word_1_138' title='bbox 1259 2113 1336 2200; x_wconf 86' lang='grc' dir='ltr'><strong><em>μήτε</em></strong></span> <span class='ocrx_word' id='word_1_139' title='bbox 1344 2122 1403 2178; x_wconf 81' lang='grc' dir='ltr'><strong><em>τοῦ</em></strong></span> <span class='ocrx_word' id='word_1_140' title='bbox 1417 2110 1529 2198; x_wconf 78' lang='grc' dir='ltr'><strong><em>α’γροῦ</em></strong></span> 
     </span>
     <span class='ocr_line' id='line_1_18' title="bbox 401 2217 1530 2308; baseline 0.001 -25"><span class='ocrx_word' id='word_1_141' title='bbox 401 2221 672 2296; x_wconf 76' lang='grc' dir='ltr'><strong><em>ἰτέιδίἰθυθέντος,</em></strong></span> <span class='ocrx_word' id='word_1_142' title='bbox 703 2219 801 2308; x_wconf 83' lang='grc' dir='ltr'><strong><em>οἰρέση</em></strong></span> <span class='ocrx_word' id='word_1_143' title='bbox 830 2217 949 2303; x_wconf 79' lang='grc' dir='ltr'><strong><em>μεταξδ</em></strong></span> <span class='ocrx_word' id='word_1_144' title='bbox 977 2218 1042 2284; x_wconf 79' lang='grc' dir='ltr'><strong><em>τῶν</em></strong></span> <span class='ocrx_word' id='word_1_145' title='bbox 1072 2219 1181 2302; x_wconf 59' lang='lat' dir='ltr'><strong><em>ow),</em></strong></span> <span class='ocrx_word' id='word_1_146' title='bbox 1210 2219 1285 2295; x_wconf 80' lang='grc' dir='ltr'><strong><em>ὥςτε</em></strong></span> <span class='ocrx_word' id='word_1_147' title='bbox 1313 2220 1530 2306; x_wconf 73' lang='grc' dir='ltr'><strong><em>α’ναχωρησαι</em></strong></span> 
     </span>
     <span class='ocr_line' id='line_1_19' title="bbox 401 2324 1530 2413; baseline 0 -23"><span class='ocrx_word' id='word_1_148' title='bbox 401 2324 471 2391; x_wconf 81' lang='grc' dir='ltr'><strong><em>άπὸ</em></strong></span> <span class='ocrx_word' id='word_1_149' title='bbox 484 2335 538 2412; x_wconf 81' lang='grc' dir='ltr'><strong><em>της</em></strong></span> <span class='ocrx_word' id='word_1_150' title='bbox 551 2325 729 2413; x_wconf 79' lang='grc' dir='ltr'><strong><em>α’γορασίας</em></strong></span> <span class='ocrx_word' id='word_1_151' title='bbox 742 2330 795 2390; x_wconf 87' lang='grc' dir='ltr'><strong><em>καί</em></strong></span> <span class='ocrx_word' id='word_1_152' title='bbox 811 2335 865 2412; x_wconf 77' lang='grc' dir='ltr'><strong><em>της</em></strong></span> <span class='ocrx_word' id='word_1_153' title='bbox 882 2325 1044 2412; x_wconf 76' lang='grc' dir='ltr'><strong><em>πράσεως,</em></strong></span> <span class='ocrx_word' id='word_1_154' title='bbox 1064 2324 1248 2410; x_wconf 87' lang='grc' dir='ltr'><strong><em>άμοιβαδδν</em></strong></span> <span class='ocrx_word' id='word_1_155' title='bbox 1264 2324 1530 2411; x_wconf 66' lang='grc' dir='ltr'><strong><em>ἐλευθεροῦνται,</em></strong></span> 
     </span>
     <span class='ocr_line' id='line_1_20' title="bbox 402 2430 1528 2519; baseline 0.001 -23"><span class='ocrx_word' id='word_1_156' title='bbox 402 2431 477 2507; x_wconf 78' lang='grc' dir='ltr'><strong><em>άςτε</em></strong></span> <span class='ocrx_word' id='word_1_157' title='bbox 501 2431 577 2519; x_wconf 91' lang='grc' dir='ltr'><strong><em>μήτε</em></strong></span> <span class='ocrx_word' id='word_1_158' title='bbox 600 2431 657 2498; x_wconf 87' lang='grc' dir='ltr'><strong><em>τὸν</em></strong></span> <span class='ocrx_word' id='word_1_159' title='bbox 684 2431 815 2519; x_wconf 88' lang='grc' dir='ltr'><strong><em>πράτην</em></strong></span> <span class='ocrx_word' id='word_1_160' title='bbox 841 2431 924 2512; x_wconf 77' lang='grc' dir='ltr'><strong><em>ἐχειν</em></strong></span> <span class='ocrx_word' id='word_1_161' title='bbox 947 2430 1005 2518; x_wconf 79' lang='grc' dir='ltr'><strong><em>τήν</em></strong></span> <span class='ocrx_word' id='word_1_162' title='bbox 1029 2454 1068 2498; x_wconf 81' lang='lat' dir='ltr'><strong><em>ex</em></strong></span> <span class='ocrx_word' id='word_1_163' title='bbox 1091 2435 1217 2498; x_wconf 80' lang='lat' dir='ltr'>uendito</span> <span class='ocrx_word' id='word_1_164' title='bbox 1246 2431 1328 2496; x_wconf 83' lang='grc' dir='ltr'><strong><em>κατά</em></strong></span> <span class='ocrx_word' id='word_1_165' title='bbox 1356 2431 1415 2497; x_wconf 76' lang='grc' dir='ltr'><strong><em>τοῦ</em></strong></span> <span class='ocrx_word' id='word_1_166' title='bbox 1442 2431 1528 2512; x_wconf 82' lang='grc' dir='ltr'><strong><em>άγο·</em></strong></span> 
     </span>
     <span class='ocr_line' id='line_1_21' title="bbox 342 2537 1530 2626; baseline 0.003 -24"><span class='ocrx_word' id='word_1_167' title='bbox 342 2553 381 2602; x_wconf 74' lang='lat'><strong><em>20</em></strong></span> <span class='ocrx_word' id='word_1_168' title='bbox 401 2537 565 2625; x_wconf 59' lang='grc' dir='ltr'><strong><em>ραστοῖιθ),</em></strong></span> <span class='ocrx_word' id='word_1_169' title='bbox 593 2539 668 2626; x_wconf 87' lang='grc' dir='ltr'><strong><em>μήτε</em></strong></span> <span class='ocrx_word' id='word_1_170' title='bbox 691 2538 749 2605; x_wconf 86' lang='grc' dir='ltr'><strong><em>τδν</em></strong></span> <span class='ocrx_word' id='word_1_171' title='bbox 772 2537 958 2624; x_wconf 75' lang='grc' dir='ltr'><strong><em>α’γοραστήν</em></strong></span> <span class='ocrx_word' id='word_1_172' title='bbox 980 2537 1038 2625; x_wconf 85' lang='grc' dir='ltr'><strong><em>τήν</em></strong></span> <span class='ocrx_word' id='word_1_173' title='bbox 1061 2547 1225 2624; x_wconf 81' lang='lat' dir='ltr'><strong>exempto</strong></span> <span class='ocrx_word' id='word_1_174' title='bbox 1250 2538 1333 2620; x_wconf 76' lang='grc' dir='ltr'><strong><em>ἔχειν</em></strong></span> <span class='ocrx_word' id='word_1_175' title='bbox 1356 2537 1437 2603; x_wconf 85' lang='grc' dir='ltr'><strong><em>κατά</em></strong></span> <span class='ocrx_word' id='word_1_176' title='bbox 1463 2549 1530 2607; x_wconf 79' lang='grc' dir='ltr'><strong><em>τοῦ</em></strong></span> 
     </span>
    </p>
   </div>
   <div class='ocr_carea' id='block_1_3' title="bbox 400 2643 1530 2946">
    <p class='ocr_par' dir='ltr' id='par_1_3' title="bbox 400 2643 1530 2946">
     <span class='ocr_line' id='line_1_22' title="bbox 402 2643 1527 2733; baseline 0.002 -23"><span class='ocrx_word' id='word_1_177' title='bbox 402 2644 531 2730; x_wconf 87' lang='grc' dir='ltr'><strong><em>πράτου</em></strong></span> <span class='ocrx_word' id='word_1_178' title='bbox 554 2650 607 2710; x_wconf 84' lang='grc' dir='ltr'><strong><em>καὶ</em></strong></span> <span class='ocrx_word' id='word_1_179' title='bbox 629 2645 727 2711; x_wconf 80' lang='grc' dir='ltr'><strong><em>τοῦτά</em></strong></span> <span class='ocrx_word' id='word_1_180' title='bbox 751 2646 817 2709; x_wconf 84' lang='grc' dir='ltr'><strong><em>ἐστι</em></strong></span> <span class='ocrx_word' id='word_1_181' title='bbox 840 2643 1070 2728; x_wconf 83' lang='grc' dir='ltr'><strong><em>τὸλεγόμενον</em></strong></span> <span class='ocrx_word' id='word_1_182' title='bbox 1094 2667 1150 2710; x_wconf 79' lang='lat' dir='ltr'><strong><em>»re</em></strong></span> <span class='ocrx_word' id='word_1_183' title='bbox 1174 2648 1333 2712; x_wconf 88' lang='lat' dir='ltr'>nondum</span> <span class='ocrx_word' id='word_1_184' title='bbox 1357 2647 1527 2733; x_wconf 77' lang='lat' dir='ltr'>secuta⁹)</span> 
     </span>
     <span class='ocr_line' id='line_1_23' title="bbox 400 2751 1530 2839; baseline 0.004 -23"><span class='ocrx_word' id='word_1_185' title='bbox 400 2752 704 2838; x_wconf 76' lang='grc' dir='ltr'><strong><em>άπαναχωρείνι.</em></strong></span> <span class='ocrx_word' id='word_1_186' title='bbox 739 2751 776 2818; x_wconf 89' lang='grc' dir='ltr'><strong><em>τδ</em></strong></span> <span class='ocrx_word' id='word_1_187' title='bbox 796 2751 876 2816; x_wconf 74' lang='grc' dir='ltr'><strong><em>αὐτό</em></strong></span> <span class='ocrx_word' id='word_1_188' title='bbox 893 2775 1001 2837; x_wconf 79' lang='grc' dir='ltr'><strong><em>φαμεν</em></strong></span> <span class='ocrx_word' id='word_1_189' title='bbox 1013 2755 1066 2816; x_wconf 83' lang='grc' dir='ltr'><strong><em>καί</em></strong></span> <span class='ocrx_word' id='word_1_190' title='bbox 1079 2755 1134 2817; x_wconf 81' lang='grc' dir='ltr'><strong><em>ἐπὶ</em></strong></span> <span class='ocrx_word' id='word_1_191' title='bbox 1146 2751 1200 2839; x_wconf 76' lang='grc' dir='ltr'><strong><em>τής</em></strong></span> <span class='ocrx_word' id='word_1_192' title='bbox 1210 2755 1305 2819; x_wconf 76' lang='lat' dir='ltr'><strong>locati</strong></span> <span class='ocrx_word' id='word_1_193' title='bbox 1315 2756 1369 2816; x_wconf 88' lang='grc' dir='ltr'><strong><em>καί</em></strong></span> <span class='ocrx_word' id='word_1_194' title='bbox 1384 2751 1530 2820; x_wconf 76' lang='grc' dir='ltr'><strong><em>πάντων</em></strong></span> 
     </span>
     <span class='ocr_line' id='line_1_24' title="bbox 403 2856 1528 2946; baseline 0.001 -22"><span class='ocrx_word' id='word_1_195' title='bbox 403 2859 469 2924; x_wconf 77' lang='grc' dir='ltr'><strong><em>τῶν</em></strong></span> <span class='ocrx_word' id='word_1_196' title='bbox 477 2858 765 2943; x_wconf 86' lang='grc' dir='ltr'><strong><em>συναλλαγμάτων,</em></strong></span> <span class='ocrx_word' id='word_1_197' title='bbox 772 2858 869 2922; x_wconf 83' lang='grc' dir='ltr'><strong><em>άτιια</em></strong></span> <span class='ocrx_word' id='word_1_198' title='bbox 877 2856 944 2926; x_wconf 74' lang='grc' dir='ltr'><strong><em>ὑπὸ</em></strong></span> <span class='ocrx_word' id='word_1_199' title='bbox 957 2856 1015 2942; x_wconf 80' lang='grc' dir='ltr'><strong><em>τήν</em></strong></span> <span class='ocrx_word' id='word_1_200' title='bbox 1024 2858 1300 2946; x_wconf 80' lang='grc' dir='ltr'><strong><em>οουεουειιένοχήν</em></strong></span> <span class='ocrx_word' id='word_1_201' title='bbox 1308 2858 1468 2939; x_wconf 75' lang='grc' dir='ltr'><strong><em>α’νάγειιιι</em></strong></span> <span class='ocrx_word' id='word_1_202' title='bbox 1476 2862 1528 2946; x_wconf 81' lang='lat'>¹⁰).</span> 
     </span>
    </p>
   </div>
   <div class='ocr_carea' id='block_1_4' title="bbox 339 2982 1432 3174">
    <p class='ocr_par' dir='ltr' id='par_1_4' title="bbox 339 2982 1432 3174">
     <span class='ocr_line' id='line_1_25' title="bbox 497 2982 1432 3070; baseline -0.002 -20"><span class='ocrx_word' id='word_1_203' title='bbox 497 2983 691 3069; x_wconf 83' lang='grc' dir='ltr'><strong><em>Ἔπληράθη</em></strong></span> <span class='ocrx_word' id='word_1_204' title='bbox 716 2982 774 3050; x_wconf 74' lang='grc' dir='ltr'><strong><em>σιίν</em></strong></span> <span class='ocrx_word' id='word_1_205' title='bbox 802 2989 872 3070; x_wconf 80' lang='grc' dir='ltr'><strong><em>Θεῷ</em></strong></span> <span class='ocrx_word' id='word_1_206' title='bbox 897 2982 934 3049; x_wconf 90' lang='grc' dir='ltr'><strong><em>τδ</em></strong></span> <span class='ocrx_word' id='word_1_207' title='bbox 960 2982 987 3061; x_wconf 76' lang='grc' dir='ltr'><strong><em>γ’</em></strong></span> <span class='ocrx_word' id='word_1_208' title='bbox 1013 2985 1138 3066; x_wconf 84' lang='grc' dir='ltr'><strong><em>βιβλίον</em></strong></span> <span class='ocrx_word' id='word_1_209' title='bbox 1161 2983 1226 3048; x_wconf 81' lang='grc' dir='ltr'><strong><em>τῶν</em></strong></span> <span class='ocrx_word' id='word_1_210' title='bbox 1248 2985 1432 3050; x_wconf 77' lang='grc' dir='ltr'><strong><em>Ιοείἰίἰιίωυ.</em></strong></span> 
     </span>
     <span class='ocr_line' id='line_1_26' title="bbox 339 3092 1057 3174; baseline 0 -20"><span class='ocrx_word' id='word_1_211' title='bbox 339 3103 380 3154; x_wconf 74' lang='lat'><strong><em>25</em></strong></span> <span class='ocrx_word' id='word_1_212' title='bbox 868 3092 1057 3174; x_wconf 69' lang='lat' dir='ltr'>feliciterss).</span> 
     </span>
    </p>
   </div>
   <div class='ocr_carea' id='block_1_5' title="bbox 400 3302 1568 4086">
    <p class='ocr_par' dir='ltr' id='par_1_5' title="bbox 400 3302 1568 4086">
     <span class='ocr_line' id='line_1_27' title="bbox 491 3302 1528 3374; baseline 0 -16"><span class='ocrx_word' id='word_1_213' title='bbox 491 3306 511 3373; x_wconf 87' lang='grc'><strong><em>1)</em></strong></span> <span class='ocrx_word' id='word_1_214' title='bbox 532 3307 560 3360; x_wconf 84' lang='grc' dir='ltr'><strong><em>τὲ</em></strong></span> <span class='ocrx_word' id='word_1_215' title='bbox 579 3305 629 3358; x_wconf 77' lang='grc' dir='ltr'><strong><em>ἰυε.</em></strong></span> <span class='ocrx_word' id='word_1_216' title='bbox 650 3321 720 3357; x_wconf 88' lang='lat' dir='ltr'><strong>omn.</strong></span> <span class='ocrx_word' id='word_1_217' title='bbox 740 3309 828 3371; x_wconf 81' lang='lat' dir='ltr'><strong>praet.</strong></span> <span class='ocrx_word' id='word_1_218' title='bbox 847 3304 891 3356; x_wconf 72' lang='lat' dir='ltr'><strong><em>Lss.</em></strong></span> <span class='ocrx_word' id='word_1_219' title='bbox 912 3309 939 3356; x_wconf 79' lang='lat' dir='ltr'><strong><em>et</em></strong></span> <span class='ocrx_word' id='word_1_220' title='bbox 957 3303 1000 3371; x_wconf 65' lang='lat' dir='ltr'><strong><em>M„</em></strong></span> <span class='ocrx_word' id='word_1_221' title='bbox 1020 3305 1067 3371; x_wconf 87' lang='lat' dir='ltr'><strong><em>qui</em></strong></span> <span class='ocrx_word' id='word_1_222' title='bbox 1085 3302 1146 3357; x_wconf 80' lang='lat' dir='ltr'><strong>hab.</strong></span> <span class='ocrx_word' id='word_1_223' title='bbox 1167 3304 1203 3358; x_wconf 87' lang='grc' dir='ltr'><strong><em>αἱ.</em></strong></span> <span class='ocrx_word' id='word_1_224' title='bbox 1317 3304 1339 3371; x_wconf 79' lang='lat'><strong><em>²)</em></strong></span> <span class='ocrx_word' id='word_1_225' title='bbox 1361 3325 1457 3374; x_wconf 82' lang='grc' dir='ltr'><strong><em>συνεφ.</em></strong></span> <span class='ocrx_word' id='word_1_226' title='bbox 1480 3306 1528 3358; x_wconf 82' lang='lat' dir='ltr'><strong><em>L⁶.</em></strong></span> 
     </span>
     <span class='ocr_line' id='line_1_28' title="bbox 400 3390 1528 3464; baseline 0 -17"><span class='ocrx_word' id='word_1_227' title='bbox 400 3395 443 3447; x_wconf 88' lang='lat' dir='ltr'><strong><em>Vi.</em></strong></span> <span class='ocrx_word' id='word_1_228' title='bbox 464 3393 497 3447; x_wconf 87' lang='lat' dir='ltr'><strong><em>R.</em></strong></span> <span class='ocrx_word' id='word_1_229' title='bbox 604 3394 628 3460; x_wconf 85' lang='lat'><strong><em>3)</em></strong></span> <span class='ocrx_word' id='word_1_230' title='bbox 648 3394 702 3448; x_wconf 78' lang='grc' dir='ltr'><strong><em>ἔστ.</em></strong></span> <span class='ocrx_word' id='word_1_231' title='bbox 721 3417 750 3464; x_wconf 86' lang='grc' dir='ltr'><strong><em>μ.</em></strong></span> <span class='ocrx_word' id='word_1_232' title='bbox 771 3394 802 3448; x_wconf 80' lang='grc' dir='ltr'><strong><em>έν</em></strong></span> <span class='ocrx_word' id='word_1_233' title='bbox 821 3393 855 3446; x_wconf 84' lang='lat' dir='ltr'><strong><em>V.</em></strong></span> <span class='ocrx_word' id='word_1_234' title='bbox 946 3391 969 3458; x_wconf 77' lang='lat'><strong><em>4)</em></strong></span> <span class='ocrx_word' id='word_1_235' title='bbox 989 3393 1046 3446; x_wconf 73' lang='grc' dir='ltr'><strong><em>ἐστι</em></strong></span> <span class='ocrx_word' id='word_1_236' title='bbox 1064 3392 1099 3444; x_wconf 90' lang='lat' dir='ltr'><strong><em>V.</em></strong></span> <span class='ocrx_word' id='word_1_237' title='bbox 1187 3393 1209 3459; x_wconf 82' lang='lat'><strong><em>⁵)</em></strong></span> <span class='ocrx_word' id='word_1_238' title='bbox 1230 3415 1298 3464; x_wconf 85' lang='grc' dir='ltr'><strong><em>-ρα</em></strong></span> <span class='ocrx_word' id='word_1_239' title='bbox 1317 3392 1352 3444; x_wconf 93' lang='lat' dir='ltr'><strong><em>V.</em></strong></span> <span class='ocrx_word' id='word_1_240' title='bbox 1445 3390 1469 3460; x_wconf 73' lang='lat'><strong><em>¹¹)</em></strong></span> <span class='ocrx_word' id='word_1_241' title='bbox 1491 3394 1528 3447; x_wconf 71' lang='lat' dir='ltr'><strong><em>H.</em></strong></span> 
     </span>
     <span class='ocr_line' id='line_1_29' title="bbox 400 3480 1528 3554; baseline 0.002 -19"><span class='ocrx_word' id='word_1_242' title='bbox 400 3484 456 3536; x_wconf 72' lang='lat' dir='ltr'><strong>Lss.:</strong></span> <span class='ocrx_word' id='word_1_243' title='bbox 477 3487 529 3536; x_wconf 80' lang='grc' dir='ltr'><strong><em>οθί.</em></strong></span> <span class='ocrx_word' id='word_1_244' title='bbox 550 3487 615 3538; x_wconf 82' lang='grc' dir='ltr'><strong><em>διελ</em></strong></span> <span class='ocrx_word' id='word_1_245' title='bbox 636 3505 664 3536; x_wconf 87' lang='grc' dir='ltr'><strong><em>π.</em></strong></span> <span class='ocrx_word' id='word_1_246' title='bbox 684 3505 729 3554; x_wconf 91' lang='grc' dir='ltr'><strong><em>πρ.</em></strong></span> <span class='ocrx_word' id='word_1_247' title='bbox 850 3482 872 3549; x_wconf 81' lang='lat'><strong><em>⁷)</em></strong></span> <span class='ocrx_word' id='word_1_248' title='bbox 891 3497 917 3534; x_wconf 88' lang='lat' dir='ltr'><strong><em>u.</em></strong></span> <span class='ocrx_word' id='word_1_249' title='bbox 936 3485 1031 3552; x_wconf 80' lang='grc' dir='ltr'><strong><em>μερῶν</em></strong></span> <span class='ocrx_word' id='word_1_250' title='bbox 1050 3480 1075 3534; x_wconf 88' lang='lat' dir='ltr'><strong><em>d.</em></strong></span> <span class='ocrx_word' id='word_1_251' title='bbox 1095 3481 1128 3534; x_wconf 88' lang='grc' dir='ltr'><strong><em>Μ.</em></strong></span> <span class='ocrx_word' id='word_1_252' title='bbox 1249 3481 1272 3548; x_wconf 78' lang='lat'><strong><em>⁸)</em></strong></span> <span class='ocrx_word' id='word_1_253' title='bbox 1291 3480 1341 3550; x_wconf 79' lang='grc' dir='ltr'><strong><em>τήν</em></strong></span> <span class='ocrx_word' id='word_1_254' title='bbox 1359 3497 1394 3534; x_wconf 81' lang='lat' dir='ltr'><strong><em>ex</em></strong></span> <span class='ocrx_word' id='word_1_255' title='bbox 1413 3498 1439 3534; x_wconf 89' lang='lat' dir='ltr'><strong><em>u.</em></strong></span> <span class='ocrx_word' id='word_1_256' title='bbox 1459 3480 1489 3536; x_wconf 84' lang='lat' dir='ltr'><strong><em>h.</em></strong></span> <span class='ocrx_word' id='word_1_257' title='bbox 1510 3483 1528 3537; x_wconf 74' lang='lat' dir='ltr'>L</span> 
     </span>
     <span class='ocr_line' id='line_1_30' title="bbox 403 3568 1530 3642; baseline 0.002 -18"><span class='ocrx_word' id='word_1_258' title='bbox 403 3587 473 3624; x_wconf 86' lang='lat' dir='ltr'>omn.</span> <span class='ocrx_word' id='word_1_259' title='bbox 493 3576 603 3639; x_wconf 76' lang='lat' dir='ltr'>praeter</span> <span class='ocrx_word' id='word_1_260' title='bbox 620 3571 654 3625; x_wconf 86' lang='lat' dir='ltr'><strong><em>M.</em></strong></span> <span class='ocrx_word' id='word_1_261' title='bbox 674 3571 716 3624; x_wconf 71' lang='lat' dir='ltr'><strong><em>Lss.</em></strong></span> <span class='ocrx_word' id='word_1_262' title='bbox 736 3571 780 3623; x_wconf 94' lang='lat' dir='ltr'><strong><em>Vi.</em></strong></span> <span class='ocrx_word' id='word_1_263' title='bbox 800 3571 833 3623; x_wconf 88' lang='lat' dir='ltr'><strong><em>R.</em></strong></span> <span class='ocrx_word' id='word_1_264' title='bbox 910 3569 933 3634; x_wconf 72' lang='lat'><strong><em>9)</em></strong></span> <span class='ocrx_word' id='word_1_265' title='bbox 953 3573 1075 3625; x_wconf 82' lang='grc' dir='ltr'><strong><em>τουτέστι</em></strong></span> <span class='ocrx_word' id='word_1_266' title='bbox 1096 3568 1260 3642; x_wconf 82' lang='grc' dir='ltr'><strong><em>πράγματος</em></strong></span> <span class='ocrx_word' id='word_1_267' title='bbox 1278 3569 1313 3641; x_wconf 76' lang='grc' dir='ltr'><strong><em>μή</em></strong></span> <span class='ocrx_word' id='word_1_268' title='bbox 1329 3574 1530 3642; x_wconf 80' lang='grc' dir='ltr'><strong><em>πληρωθέντος</em></strong></span> 
     </span>
     <span class='ocr_line' id='line_1_31' title="bbox 407 3657 1531 3732; baseline 0.004 -20"><span class='ocrx_word' id='word_1_269' title='bbox 407 3659 449 3713; x_wconf 80' lang='lat' dir='ltr'><strong><em>ad.</em></strong></span> <span class='ocrx_word' id='word_1_270' title='bbox 468 3661 512 3713; x_wconf 89' lang='lat' dir='ltr'><strong><em>Vi.</em></strong></span> <span class='ocrx_word' id='word_1_271' title='bbox 532 3661 565 3714; x_wconf 89' lang='lat' dir='ltr'><strong><em>R.</em></strong></span> <span class='ocrx_word' id='word_1_272' title='bbox 697 3659 731 3726; x_wconf 86' lang='lat'><strong><em>¹⁰)</em></strong></span> <span class='ocrx_word' id='word_1_273' title='bbox 750 3660 782 3712; x_wconf 90' lang='lat' dir='ltr'><strong><em>In</em></strong></span> <span class='ocrx_word' id='word_1_274' title='bbox 800 3660 829 3712; x_wconf 93' lang='lat' dir='ltr'><strong><em>P.</em></strong></span> <span class='ocrx_word' id='word_1_275' title='bbox 853 3661 895 3726; x_wconf 88' lang='lat'><strong><em>[=</em></strong></span> <span class='ocrx_word' id='word_1_276' title='bbox 914 3658 967 3726; x_wconf 77' lang='lat' dir='ltr'><strong>L⁶.]</strong></span> <span class='ocrx_word' id='word_1_277' title='bbox 988 3657 1056 3712; x_wconf 78' lang='lat' dir='ltr'>haec</span> <span class='ocrx_word' id='word_1_278' title='bbox 1076 3657 1223 3712; x_wconf 78' lang='lat' dir='ltr'>adduntur:</span> <span class='ocrx_word' id='word_1_279' title='bbox 1245 3658 1278 3713; x_wconf 83' lang='grc' dir='ltr'><strong><em>τά</em></strong></span> <span class='ocrx_word' id='word_1_280' title='bbox 1295 3658 1402 3730; x_wconf 76' lang='grc' dir='ltr'><strong><em>μεταξὺ</em></strong></span> <span class='ocrx_word' id='word_1_281' title='bbox 1422 3661 1531 3732; x_wconf 78' lang='grc' dir='ltr'><strong><em>ἑτέρων</em></strong></span> 
     </span>
     <span class='ocr_line' id='line_1_32' title="bbox 405 3745 1528 3822; baseline 0.001 -19"><span class='ocrx_word' id='word_1_282' title='bbox 405 3747 541 3820; x_wconf 85' lang='grc' dir='ltr'><strong><em>γινόμενα</em></strong></span> <span class='ocrx_word' id='word_1_283' title='bbox 561 3748 671 3822; x_wconf 77' lang='grc' dir='ltr'><strong><em>ἑτέρους</em></strong></span> <span class='ocrx_word' id='word_1_284' title='bbox 690 3747 720 3804; x_wconf 82' lang='grc' dir='ltr'><strong><em>οὐ</em></strong></span> <span class='ocrx_word' id='word_1_285' title='bbox 740 3746 980 3818; x_wconf 85' lang='grc' dir='ltr'><strong><em>καταβλάπτουσιν</em></strong></span> <span class='ocrx_word' id='word_1_286' title='bbox 998 3745 1063 3802; x_wconf 81' lang='grc' dir='ltr'><strong><em>οὐδὲ</em></strong></span> <span class='ocrx_word' id='word_1_287' title='bbox 1082 3745 1244 3818; x_wconf 82' lang='grc' dir='ltr'><strong><em>ὠφελοῦσιν.</em></strong></span> <span class='ocrx_word' id='word_1_288' title='bbox 1377 3749 1412 3813; x_wconf 88' lang='lat'><strong><em>¹¹)</em></strong></span> <span class='ocrx_word' id='word_1_289' title='bbox 1431 3750 1470 3802; x_wconf 78' lang='lat' dir='ltr'><strong><em>ita</em></strong></span> <span class='ocrx_word' id='word_1_290' title='bbox 1490 3750 1528 3804; x_wconf 73' lang='grc' dir='ltr'><strong><em>Μ.</em></strong></span> 
     </span>
     <span class='ocr_line' id='line_1_33' title="bbox 403 3833 1530 3910; baseline 0.003 -19"><span class='ocrx_word' id='word_1_291' title='bbox 403 3841 431 3891; x_wconf 80' lang='grc' dir='ltr'><strong><em>οἰ</em></strong></span> <span class='ocrx_word' id='word_1_292' title='bbox 450 3838 480 3894; x_wconf 83' lang='lat' dir='ltr'><strong><em>F.</em></strong></span> <span class='ocrx_word' id='word_1_293' title='bbox 500 3839 547 3905; x_wconf 91' lang='lat' dir='ltr'><strong><em>qui</em></strong></span> <span class='ocrx_word' id='word_1_294' title='bbox 564 3841 656 3892; x_wconf 79' lang='lat' dir='ltr'><strong>tamen</strong></span> <span class='ocrx_word' id='word_1_295' title='bbox 674 3838 690 3891; x_wconf 91' lang='lat' dir='ltr'><strong><em>l.</em></strong></span> <span class='ocrx_word' id='word_1_296' title='bbox 711 3836 725 3906; x_wconf 84' lang='grc' dir='ltr'><strong><em>ή</em></strong></span> <span class='ocrx_word' id='word_1_297' title='bbox 744 3861 763 3909; x_wconf 82' lang='lat' dir='ltr'><em>y</em></span> <span class='ocrx_word' id='word_1_298' title='bbox 783 3838 972 3892; x_wconf 86' lang='grc' dir='ltr'><strong><em>ἰνστιτουτίων</em></strong></span> <span class='ocrx_word' id='word_1_299' title='bbox 992 3839 1136 3906; x_wconf 75' lang='grc' dir='ltr'><strong><em>Θεοφίλου.</em></strong></span> <span class='ocrx_word' id='word_1_300' title='bbox 1167 3835 1216 3889; x_wconf 86' lang='lat' dir='ltr'><strong><em>V.:</em></strong></span> <span class='ocrx_word' id='word_1_301' title='bbox 1236 3840 1311 3897; x_wconf 82' lang='grc' dir='ltr'><strong><em>τέλος</em></strong></span> <span class='ocrx_word' id='word_1_302' title='bbox 1324 3833 1407 3910; x_wconf 65' lang='grc' dir='ltr'><strong><em>τοῦήῖ</em></strong></span> <span class='ocrx_word' id='word_1_303' title='bbox 1417 3842 1530 3908; x_wconf 79' lang='grc' dir='ltr'><strong><em>βιβλίου</em></strong></span> 
     </span>
     <span class='ocr_line' id='line_1_34' title="bbox 403 3912 1568 3999; baseline 0 -17"><span class='ocrx_word' id='word_1_304' title='bbox 403 3925 546 3998; x_wconf 75' lang='grc' dir='ltr'><strong><em>Θεοδώρου</em></strong></span> <span class='ocrx_word' id='word_1_305' title='bbox 566 3925 768 3999; x_wconf 83' lang='grc' dir='ltr'><strong><em>άντικίνσωρος.</em></strong></span> <span class='ocrx_word' id='word_1_306' title='bbox 796 3925 846 3978; x_wconf 80' lang='lat' dir='ltr'><strong><em>L¹⁸</em></strong></span> <span class='ocrx_word' id='word_1_307' title='bbox 864 3924 941 3985; x_wconf 81' lang='grc' dir='ltr'><strong><em>τέλος</em></strong></span> <span class='ocrx_word' id='word_1_308' title='bbox 960 3929 1005 3992; x_wconf 78' lang='grc' dir='ltr'><strong><em>τῆς</em></strong></span> <span class='ocrx_word' id='word_1_309' title='bbox 1024 3925 1044 3998; x_wconf 66' lang='grc' dir='ltr'><strong><em>γ’</em></strong></span> <span class='ocrx_word' id='word_1_310' title='bbox 1059 3923 1136 3980; x_wconf 87' lang='grc' dir='ltr'><strong><em>Ἰνστ.</em></strong></span> <span class='ocrx_word' id='word_1_311' title='bbox 1164 3925 1204 3978; x_wconf 89' lang='lat' dir='ltr'><strong><em>Pi.</em></strong></span> <span class='ocrx_word' id='word_1_312' title='bbox 1224 3923 1283 3981; x_wconf 82' lang='grc' dir='ltr'><strong><em>ἒπλ.</em></strong></span> <span class='ocrx_word' id='word_1_313' title='bbox 1303 3924 1355 3980; x_wconf 77' lang='grc' dir='ltr'><strong><em>σὺν</em></strong></span> <span class='ocrx_word' id='word_1_314' title='bbox 1375 3930 1437 3998; x_wconf 81' lang='grc' dir='ltr'><strong><em>Θεῴ</em></strong></span> <span class='ocrx_word' id='word_1_315' title='bbox 1455 3926 1531 3998; x_wconf 55' lang='lat' dir='ltr'><strong><em>rbi</em></strong></span> <span class='ocrx_word' id='word_1_316' title='bbox 1563 3912 1568 3922; x_wconf 29' lang='lat'>¹</span> 
     </span>
     <span class='ocr_line' id='line_1_35' title="bbox 401 4012 1181 4086; baseline -0.003 -16"><span class='ocrx_word' id='word_1_317' title='bbox 401 4019 471 4084; x_wconf 82' lang='grc' dir='ltr'><strong><em>βιβλ.</em></strong></span> <span class='ocrx_word' id='word_1_318' title='bbox 500 4019 555 4070; x_wconf 84' lang='grc' dir='ltr'><strong><em>τῶν</em></strong></span> <span class='ocrx_word' id='word_1_319' title='bbox 574 4014 756 4070; x_wconf 78' lang='grc' dir='ltr'><strong><em>ἷνστιτοάτων.</em></strong></span> <span class='ocrx_word' id='word_1_320' title='bbox 784 4015 829 4069; x_wconf 93' lang='lat' dir='ltr'><strong><em>Vi.</em></strong></span> <span class='ocrx_word' id='word_1_321' title='bbox 848 4016 881 4068; x_wconf 91' lang='lat' dir='ltr'><strong><em>R.</em></strong></span> <span class='ocrx_word' id='word_1_322' title='bbox 902 4018 947 4082; x_wconf 79' lang='grc' dir='ltr'><strong><em>τῆς</em></strong></span> <span class='ocrx_word' id='word_1_323' title='bbox 965 4015 986 4086; x_wconf 61' lang='lat'><strong><em>77</em></strong></span> <span class='ocrx_word' id='word_1_324' title='bbox 1001 4012 1078 4069; x_wconf 84' lang='grc' dir='ltr'><strong><em>Ἰνστ.</em></strong></span> <span class='ocrx_word' id='word_1_325' title='bbox 1097 4013 1181 4075; x_wconf 84' lang='grc' dir='ltr'><strong><em>τέλος.</em></strong></span> 
     </span>
    </p>
   </div>
   <div class='ocr_carea' id='block_1_6' title="bbox 0 0 1656 5316">
    <p class='ocr_par' dir='ltr' id='par_1_6' title="bbox 0 0 1656 5316">
     <span class='ocr_line' id='line_1_36' title="bbox 0 0 1656 5316; baseline 0 0"><span class='ocrx_word' id='word_1_326' title='bbox 0 0 1656 5316; x_wconf 95' lang='lat' dir='ltr'><strong><em> </em></strong></span> 
     </span>
    </p>
   </div>
  </div>
 </body>
</html>
