3164 5338
541 411 781 474 -366-

111 583 212 666 possis.
254 590 286 648 et
309 603 378 648 oum
396 585 470 648 olim
486 606 581 648 unum
605 585 662 648 tibi
679 585 852 666 obligatum
871 585 1016 666 haberes,
1041 606 1123 650 nuno
1140 587 1219 651 duos

111 707 217 772 habere
240 708 367 791 incipis:
393 709 480 772 illum
504 710 631 790 quidem
647 729 687 773 111
703 710 863 792 stipulatu,
887 729 937 774 me
955 716 1060 774 antem
1076 731 1116 775 ex
1132 732 1218 774 man-

111 832 182 896 date.
229 836 257 898 3.
281 833 395 896 Aliena
423 840 528 898 antem
555 840 676 898 tantum
705 854 803 898 eausa
829 834 998 898 interuenit
1025 835 1216 916 mandatum,

110 977 167 1020 oum
191 957 250 1022 tibi
273 957 420 1022 mandem
445 965 477 1022 nt
500 958 576 1022 Titii
598 959 728 1041 negotia
745 979 838 1040 geras
862 959 915 1023 uel
937 966 971 1022 11
988 959 1071 1023 Titio
1088 959 1218 1023 fundum

79 1091 185 1145 ¹demas
209 1082 262 1146 uei
284 1103 342 1164 pro
367 1083 452 1146 Titio
477 1083 645 1166 spondeas.
681 1089 709 1148 4.
733 1084 806 1147 Mea
822 1089 854 1147 et
874 1083 980 1147 aliena
997 1085 1100 1165 gratia
1123 1084 1217 1148 inter·
1254 1096 1270 1146 5

107 1206 182 1269 uenit
206 1207 397 1289 mandatum,
421 1207 449 1271 si
473 1207 530 1271 tibi
552 1207 707 1289 mandem,
732 1215 766 1271 11
788 1227 860 1272 mea
883 1213 915 1271 et
938 1208 1013 1271 Titii
1042 1207 1219 1272 eommunia

105 1331 226 1412 negotia
251 1351 354 1413 geras,
379 1332 431 1396 uel
455 1339 489 1395 ut
512 1333 588 1395 mihi
611 1338 642 1396 et
665 1331 748 1396 Titio
772 1331 902 1395 fundum
919 1353 1006 1396 emas
1030 1333 1136 1396 uelut
1158 1352 1216 1414 pro

74 1460 147 1518 tme
173 1462 205 1518 11
228 1455 312 1520 Titio
342 1456 509 1539 spondeas
556 1446 679 1522 11111
707 1461 738 1520 et
767 1457 873 1520 aliena
903 1456 1007 1538 gratia
1034 1456 1149 1520 mando
1179 1457 1215 1536 si,

105 1597 165 1642 enm
189 1579 292 1644 Titius
316 1580 452 1662 peeunia
475 1581 630 1662 indigeat,
653 1581 711 1644 tibi
734 1581 895 1661 mandem,
920 1589 954 1644 11
978 1581 1008 1644 11
1032 1581 1089 1644 snb
1113 1579 1216 1643 usuris

104 1703 217 1768 eredas.
263 1726 336 1768 nam
360 1706 405 1769 ita
428 1712 460 1770 et
482 1706 540 1770 tibi
564 1712 692 1790 propter
713 1727 823 1770 usuras
840 1707 899 1770 hoo
922 1705 1052 1788 prodest
1076 1710 1106 1768 et
1130 1704 1214 1767 111111
1237 1715 1271 1766 10

103 1828 278 1892 necessitati
292 1830 465 1894 remedium
478 1838 616 1913 paratur.
641 1831 725 1911 quod
737 1831 764 1894 si
775 1831 834 1894 tibi
851 1830 1075 1911 mandauerim,
1097 1835 1130 1892 11
1147 1828 1214 1892 sine

101 1953 196 2016 111111
222 1953 377 2035 crederes,
403 1955 508 2018 aliena
532 1956 636 2037 gratia
659 1975 722 2019 non
746 1955 841 2019 etiam
864 1961 933 2035 tna,
959 1955 1012 2036 qui
1035 1953 1113 2017 nihil
1136 1952 1216 2017 lueri

70 2085 92 2138 1.
101 2075 166 2140 inde
190 2079 404 2160 consequeris,
429 2080 598 2143 interuenit
613 2079 804 2144 mandatum.
845 2083 873 2145 6.
890 2081 960 2143 Tua
974 2084 1095 2143 tantum
1112 2077 1216 2160 gratia

101 2200 263 2266 interuenit
285 2203 476 2285 mandatnm,
501 2205 528 2267 si
550 2203 608 2267 tibi
624 2204 779 2284 mandem,
804 2209 838 2266 11
856 2204 1007 2286 pecunias
1023 2210 1094 2266 tuas
1110 2203 1215 2285 potins

99 2324 129 2387 in
151 2327 341 2410 emptionem
364 2329 565 2410 praediorum
590 2329 735 2411 eollooes,
759 2349 853 2410 quam
876 2333 910 2391 11
932 2330 1070 2409 1111111;
1100 2327 1152 2390 111
1176 2337 1269 2390 ex15

99 2448 234 2532 diverso,
264 2458 298 2515 nt
329 2452 453 2516 feneres
481 2453 599 2536 potius,
630 2474 723 2534 qnam
751 2459 784 2516 11
816 2452 949 2535 praedia
984 2472 1080 2516 emas.
1127 2451 1215 2515 ouius

100 2576 221 2653 generis
245 2577 427 2640 mandatum
455 2577 557 2659 magis
586 2577 750 2641 eonsilium
779 2583 826 2642 est
855 2597 949 2657 qnam
977 2576 1159 2640 mandatnm
1184 2566 1219 2640 et

99 2699 135 2760 ob
159 2699 192 2762 id
215 2700 334 2763 nnllam
357 2701 441 2783 parit
457 2701 693 2783 obligationem,
719 2701 793 2781 quia
808 2720 899 2764 nemo
917 2720 956 2763 ex
973 2699 1103 2763 oonsilio
1128 2721 1215 2763 man·

98 2821 160 2886 dati
176 2824 346 2906 obligatur,
372 2825 468 2889 etiam
480 2825 507 2889 11
517 2846 581 2890 non
593 2825 742 2908 expediat
754 2825 783 2890 ei
796 2825 850 2906 qui
862 2825 1026 2888 eonsilium
1040 2824 1213 2906 aeoeperit3

98 2965 164 3010 oum
187 2948 291 3012 libera
319 2949 464 3029 oniquam
491 2950 627 3014 facultas
658 2949 698 3013 sit
726 2951 892 3032 explorare
921 2949 1005 3031 apud
1034 2968 1083 3029 se,
1112 2969 1154 3012 an
1181 2948 1214 3011 id
1233 2958 1268 3010 20

96 3072 178 3152 quod
202 3073 233 3136 ei
256 3073 381 3137 oonsilii
405 3074 509 3156 gratia
525 3075 641 3138 dietum
658 3080 706 3138 111
722 3074 877 3158 expediat.
912 3073 1019 3153 itaque
1036 3073 1063 3136 11
1079 3073 1214 3136 otiosam

96 3197 262 3277 pecuniam
285 3202 316 3261 11
332 3198 501 3262 habentem
516 3199 658 3262 hortatus
673 3199 773 3280 fuero,
797 3207 831 3262 11
853 3218 919 3262 rem
936 3198 1074 3278 aliquam
1092 3216 1213 3261 emeres

94 3321 204 3384 uelut
232 3341 271 3386 ea
298 3322 474 3404 fenerares,
504 3323 646 3403 quamuis
674 3323 835 3404 negotium
862 3323 921 3386 tibi
949 3343 1012 3386 non
1040 3322 1215 3404 expedierit

94 3443 189 3526 (forte
223 3447 305 3511 enim
329 3452 419 3510 erant
442 3447 539 3528 servi,
569 3448 622 3528 qui
653 3447 768 3511 mortni
796 3452 867 3510 sunt
890 3447 942 3511 nel
968 3449 1130 3529 ingerunt,
1162 3446 1215 3510 uel

90 3567 180 3652 inopi
205 3571 381 3655 fenerasti),
405 3592 469 3636 non
492 3573 624 3636 tenebor
650 3571 709 3635 tibi
735 3570 875 3634 mandati
899 3571 1033 3635 aetione.
1077 3575 1109 3635 et
1133 3570 1214 3635 adeo
1234 3580 1268 3632 25

92 3692 172 3758 haee
189 3695 237 3758 ita
253 3701 334 3776 sunt,
351 3701 385 3759 nt
398 3695 575 3776 quaesitum
588 3696 628 3760 sit
641 3695 726 3778 apud
741 3701 874 3776 1111111,
892 3715 933 3758 an
949 3694 1091 3759 mandati
1107 3701 1216 3759 tenear

92 3818 118 3880 11
141 3819 365 3906 mandauerim
388 3820 446 3884 tibi
469 3827 504 3884 11
526 3820 608 3884 Titio
632 3820 798 3903 pecuniam
821 3821 996 3885 fenerares:
1027 3819 1216 3900 quibusdam
