3154 5338
615 427 847 492 -302-

171 617 301 683 nunde
334 617 535 698 cognati«,
572 617 723 682 bonorum
761 613 872 680 tribuit
898 615 1007 679 iisdem
1037 612 1286 695 possessionem),

167 743 217 802 set
241 735 335 802 etiam
362 734 393 798 in
418 735 612 801 testamentis
635 736 711 815 legis
733 733 795 800 XII
825 733 1001 799 tabularum
1030 751 1117 798 error
1144 733 1287 796 emenda·

168 860 230 918 tur.
275 855 405 920 sienim
429 855 499 937 quis
520 857 655 922 moriens
677 855 811 922 alienum
835 862 1010 938 postumum
1033 857 1177 921 heredem
1201 851 1287 916 iusti·

167 972 282 1038 tuisset
304 974 401 1056 (nosti
424 983 526 1040 autem
543 977 612 1056 quis
628 976 747 1040 alienus
763 977 803 1039 sit
818 982 994 1057 postumus:
1018 975 1071 1056 qui
1087 993 1197 1057 nempe
1211 993 1286 1039 suus

166 1093 259 1157 heres
281 1091 359 1156 mihi
381 1112 439 1156 non
463 1095 630 1176 gignitur),
658 1103 689 1159 et
711 1095 737 1158 is
760 1104 852 1159 natus
876 1101 973 1172 esset,
1002 1093 1084 1175 quod
1112 1095 1151 1158 ad
1174 1094 1222 1158 ius
1246 1095 1286 1158 ci·
1311 1094 1336 1144 ‘⁵

168 1211 231 1276 uile
254 1211 341 1278 adire
363 1211 567 1280 hereditatem
591 1214 748 1296 nequibat,
771 1216 938 1296 respuebat
965 1215 1044 1279 enim
1068 1211 1219 1278 eiusmodi
1241 1213 1287 1276 in·

167 1333 362 1399 stitutionem
385 1332 434 1397 ius
456 1333 564 1406 ciuile;
586 1343 713 1416 praetor
734 1342 837 1398 tamen
861 1334 1030 1400 seeundum
1047 1331 1170 1398 tabulas
1193 1333 1284 1398 bono·

167 1470 237 1516 rum
253 1451 477 1533 possessionem
494 1453 523 1517 ei
542 1453 738 1530 concedebat,
762 1425 973 1533 bonorumque
989 1469 1198 1533 possessorem
1215 1468 1284 1516 eum

168 1572 387 1636 constituebat.
425 1578 473 1637 set
495 1592 531 1636 ex
551 1573 752 1638 sacratissimi
773 1571 923 1655 Principis
945 1572 1045 1638 nostri
1066 1573 1285 1638 constitutione

168 1691 320 1756 eiusmodi
342 1699 504 1773 postumus
520 1698 604 1757 recte
626 1692 715 1758 heres
732 1693 913 1770 instituitur,
936 1686 1090 1774 tanquam
1107 1689 1169 1755 iuri
1192 1691 1337 1754 etiamid

168 1811 254 1875 ciuili
273 1820 374 1875 notus.
420 1811 584 1892 aliquando
607 1821 709 1877 tannen
733 1818 857 1892 praetor
885 1831 945 1878 non
968 1813 1058 1876 modo
1089 1812 1215 1891 corrigit
1238 1817 1286 1875 set

169 1929 263 1993 etiam
286 1929 447 2012 impugnat
468 1931 517 1995 ius
540 1929 641 2009 ciuile,
664 1930 778 2010 ueluti,
807 1931 925 1996 utiam
949 1931 1099 2004 diximus,
1127 1931 1154 1995 si
1182 1935 1285 2012 patro·

169 2067 242 2113 num
265 2051 464 2132 praeterierit
485 2053 515 2115 in
539 2057 726 2116 testamento
747 2052 888 2117 libertus.
933 2052 982 2117 lex
1005 2053 1085 2116 enim
1108 2049 1175 2114 XII
1197 2051 1286 2115 tabu-

168 2171 269 2233 larum
292 2175 423 2249 patrono
446 2171 485 2234 ad
507 2170 612 2236 liberti
634 2172 716 2236 bona
738 2173 856 2236 aditum
883 2190 944 2236 non
971 2171 1080 2249 dabat,
1108 2175 1218 2250 utpote
1241 2175 1286 2234 te·

168 2290 317 2354 stamenti
339 2288 473 2355 faotione
495 2292 633 2370 repulso:
663 2297 789 2374 praetor
816 2296 920 2354 autem
948 2296 1058 2355 eontra
1084 2288 1208 2354 tabulas
1231 2289 1284 2353 bo·
1305 2295 1335 2348 ts
1421 2353 1424 2362 ,

169 2426 279 2474 norum
307 2409 531 2489 possessionem
559 2411 755 2492 excogitauit.
806 2429 877 2476 ecoe
906 2410 956 2477 hio
984 2410 1138 2474 aduersus
1173 2407 1284 2473 tendit.

122 2551 146 2600 1.
170 2533 198 2592 l.
233 2529 301 2594 Non
318 2536 366 2594 est
387 2535 491 2594 autem
507 2529 641 2596 difficilis
657 2550 756 2613 neque
772 2531 982 2596 contentiosus
997 2535 1136 2611 praetor:
1159 2528 1284 2610 quando

167 2648 250 2714 enim
272 2649 380 2714 uident
402 2650 451 2715 ius
474 2651 563 2716 ciuile
585 2649 788 2731 comprobari,
812 2656 885 2715 tuno
908 2670 1008 2732 neque
1030 2648 1211 2714 emendandi
1234 2665 1286 2710 ne-

168 2785 230 2848 que
261 2768 479 2851 impugnandi,
513 2777 562 2836 set
593 2773 697 2852 potius
732 2770 931 2836 confirmandi
961 2770 1038 2834 iuris
1061 2767 1160 2834 ciuilis
1182 2766 1285 2849 gratia

169 2889 305 2954 edictum
326 2907 417 2954 suum
439 2891 591 2972 proponit.
626 2890 653 2954 si
675 2891 744 2972 quis
767 2891 857 2968 enim,
879 2896 964 2955 recte
986 2891 1066 2954 iacto
1089 2891 1285 2958 testamento,
1302 2905 1336 2956 ao

168 3007 259 3073 heres
281 3011 444 3075 institutus
465 3012 515 3088 sit,
538 3029 600 3075 non
622 3017 744 3076 tantum
766 3011 834 3075 iure
856 3009 940 3076 ciuili
969 3009 1174 3075 hereditatem
1197 3005 1284 3070 adire

167 3133 280 3211 potest,
304 3135 353 3195 set
374 3131 467 3196 etiam
490 3131 641 3196 bonorum
670 3130 897 3211 possessionem
930 3130 1140 3196 seeundum
1169 3129 1283 3195 tabu·

167 3249 229 3314 las
248 3256 376 3330 praetor
397 3249 425 3313 ei
447 3247 618 3330 pollicetur.
653 3254 748 3329 atque
768 3249 821 3314 illo
843 3249 966 3330 quidem
989 3249 1080 3314 modo
1103 3249 1202 3327 heres,
1226 3248 1284 3313 hoo

166 3374 273 3434 autem
295 3366 446 3436 bonorum
469 3388 630 3452 possessor
652 3369 862 3436 constituitur.
884 3369 959 3436 item
983 3371 1022 3435 ab
1044 3369 1194 3436 intestato
1210 3387 1284 3452 quo·

166 3506 231 3569 que
252 3489 431 3556 concordat:
454 3487 504 3554 ius
526 3490 607 3554 enim
630 3489 722 3555 ciuile
744 3508 818 3555 suos
839 3489 970 3556 heredes
996 3489 1210 3572 signatosque
1231 3508 1286 3554 uo·
1302 3494 1335 3546 2⁵

165 3613 229 3687 eat,
250 3607 358 3690 illique
380 3614 416 3674 ut
437 3608 567 3675 heredes
583 3609 726 3686 existant,
749 3609 781 3674 hi
801 3629 876 3676 uero
891 3616 927 3676 ut
941 3610 1056 3676 adeant
1071 3607 1181 3676 eifioit:
1197 3627 1286 3691 prae·
