3298 5322
545 399 785 462 -418-

105 577 229 636 constet
251 591 301 636 me
324 544 412 635 fundi
436 573 488 636 uel
511 572 637 636 aedium
665 593 736 637 esse
764 573 925 638 dominum
953 575 999 659 (in
1028 577 1142 656 quibus
1171 579 1226 642 ad·

104 697 265 760 uersarius
302 695 529 778 usumfructum
568 703 623 760 aut
661 697 844 761 seruitutem
882 697 1001 762 habere
1040 701 1223 786 contendit),

103 820 227 884 dicens:
253 821 295 884 ‘si
317 826 427 903 paret
449 820 510 884 ilii
533 821 593 884 ius
617 821 671 885 uti
694 821 768 885 frui
785 823 854 904 (aut
877 823 1121 908 seruitutem)
1144 846 1223 891 meo

101 944 222 1008 fundo
249 965 320 1008 non
345 947 450 1026 esse',
478 965 592 1027 reapse
615 945 660 1010 ita
688 945 850 1010 intendere
884 947 1010 1011 uideor:
1040 949 1090 1012 »si
1115 957 1225 1032 paret

102 1069 290 1132 seruitute
314 1074 378 1132 aut
401 1069 600 1132 usufructu
622 1069 788 1134 liberum
806 1089 890 1134 esse
906 1069 1062 1136 fundum
1078 1079 1228 1138 meum«,
1261 1086 1276 1136 5

101 1199 134 1256 et
157 1191 229 1257 ideo
253 1193 335 1257 actio
359 1193 392 1256 in
419 1213 485 1257 rem
512 1213 626 1258 reuera
654 1192 850 1258 consensoria
880 1200 942 1276 est,
973 1196 1033 1260 etsi
1059 1199 1247 1290 1111111111

67 1327 88 1377 a
99 1315 143 1380 sit
158 1323 319 1400 concepta
360 1321 389 1384 3.
406 1317 461 1382 Set
476 1318 557 1382 istae
574 1318 716 1382 actiones
731 1318 764 1382 in
779 1323 856 1400 rem‘,
882 1339 1015 1399 quarum
1031 1322 1223 1386 mentionem

98 1440 281 1522 habuimus,
311 1448 342 1505 et
366 1441 499 1522 siquae
524 1441 641 1506 similes
666 1449 753 1522 sunt,
784 1462 824 1506 ex
847 1443 995 1524 legitimis
1022 1451 1053 1508 et
1076 1445 1222 1510 ciuilibus

98 1564 206 1628 causis
224 1563 375 1646 originem
392 1565 517 1629 ducunt.
559 1572 632 1630 sunt
655 1566 738 1630 aliae
763 1585 887 1647 quoque
911 1567 944 1630 in
967 1587 1033 1632 rem
1058 1575 1089 1632 et
1105 1569 1137 1632 in
1153 1589 1222 1652 per-

97 1708 224 1769 sonam,
254 1708 332 1768 quas
355 1697 483 1772 praetor
511 1709 550 1753 ex
578 1710 635 1753 sua
663 1690 821 1754 sententia
848 1691 1029 1754 introduxit.
1087 1712 1166 1772 quas
1191 1699 1222 1758 11
1242 1704 1276 1754 10

96 1812 186 1894 ipsas
209 1813 422 1878 necessarium
440 1820 488 1878 est
504 1814 656 1898 exemplis
680 1814 854 1878 ostendere.
887 1820 922 1878 ut
940 1834 1014 1879 ecce
1031 1816 1222 1898 permittitur

95 1936 191 2000 nobis
214 1936 370 2002 interdum
393 1937 426 2001 in
447 1957 514 2002 rem
543 1957 654 2020 agere,
683 1938 758 2003 licet
786 1957 850 2002 non
879 1959 940 2002 usu
968 1939 1159 2022 ceperimus,
1190 1917 1232 2004 et

94 2060 274 2125 intendere:
300 2062 347 2126 ‘si
374 2069 485 2144 paret
512 2061 550 2125 id
577 2082 698 2126 meum
723 2082 809 2126 esse
832 2061 992 2145 perinde
1016 2070 1129 2146 atque
1153 2085 1221 2129 usu

95 2185 284 2267 ceperim’.
340 2187 393 2250 uel
424 2205 464 2250 er
492 2186 617 2251 diuerso
651 2186 803 2251 aduersus
841 2207 913 2251 eum
942 2187 995 2268 qui
1022 2208 1090 2252 rem
1117 2209 1220 2253 meam

94 2309 279 2392 usuceperit
302 2317 334 2374 et
356 2309 519 2395 possideat
543 2331 639 2393 agere
662 2331 792 2394 possum
821 2313 869 2376 his
893 2312 1016 2376 uerbis:
1042 2313 1089 2377 ‘si
1111 2319 1221 2396 paret
1241 2322 1273 2374 15

93 2434 282 2498 hauorem
298 2455 415 2499 meam
436 2455 520 2500 esse
544 2435 701 2518 perinde
726 2442 842 2517 atque
867 2435 1116 2500 aduersarius
1141 2456 1220 2502 cam

59 2574 164 2625 ausu
187 2580 258 2623 non
281 2561 445 2643 ceperit’.
486 2566 515 2626 4.
538 2561 579 2624 nt
601 2560 634 2624 in
656 2561 765 2645 primi·
789 2561 935 2624 dicamus
959 2579 1020 2640 quo
1038 2579 1115 2624 casu
1139 2560 1219 2642 quis,

93 2703 167 2747 oum
190 2703 253 2748 non
276 2686 465 2768 usucaperit,
489 2705 561 2750 sese
584 2705 644 2749 usu
660 2685 783 2767 cepisse
798 2683 896 2766 fingit.
939 2690 973 2746 ut
989 2703 1063 2748 ecce
1080 2703 1120 2748 111
1135 2683 1220 2748 iusta

93 2827 195 2872 causa
216 2828 283 2872 rem
307 2809 444 2874 alienam
459 2809 535 2872 mihi
550 2809 708 2874 tradidisti
724 2810 809 2872 bona
834 2807 896 2871 fide
922 2807 1098 2891 accipienti,
1121 2808 1219 2872 ueluti

93 2953 136 2996 ex
161 2952 259 2996 causa
289 2933 455 3017 emptionis
479 2941 533 2998 aut
561 2933 740 2998 donationis
764 2937 819 2997 1111
842 2931 925 2996 dotis
952 2937 1006 2995 aut
1028 2931 1215 3013 legatorum.
1237 2941 1272 2992 20
1345 2981 1351 2994 .

91 3057 231 3122 triennio
259 3058 335 3122 mihi
363 3079 442 3142 opus
466 3064 535 3123 1111
557 3058 599 3121 ad
621 3078 688 3122 rem
711 3079 771 3122 usu
795 3057 1001 3140 capiendam;
1030 3075 1125 3136 quam
1148 3074 1219 3119 oum

93 3182 221 3246 duobus
238 3182 328 3246 annin
344 3182 566 3266 possedissem,
585 3183 786 3266 possessione
802 3182 871 3245 eius
888 3181 996 3261 aliquo
1013 3200 1091 3244 casu
1107 3178 1218 3243 excidi.

93 3306 250 3370 directam
287 3307 320 3370 in
357 3326 424 3370 rem
458 3306 614 3370 actionem
652 3312 763 3370 contra
800 3323 1023 3388 possessorem
1055 3303 1218 3368 intendere

92 3449 234 3510 nequeo,
258 3435 365 3513 utpote
389 3430 443 3510 qui
470 3450 533 3494 non
561 3431 773 3513 usuceperim;
803 3428 950 3512 proditae
979 3428 1062 3491 enim
1091 3426 1217 3490 suntin

92 3575 162 3619 rem
185 3555 337 3636 actiones,
362 3561 396 3618 ut
412 3555 545 3636 quisque
561 3575 619 3640 per
635 3574 690 3619 eas
706 3553 879 3620 dominium
902 3553 966 3617 sibi
988 3551 1135 3616 uindicet
1171 3557 1273 3614 11115

93 3679 173 3758 quia
196 3698 273 3743 sane
297 3678 408 3742 durum
432 3685 500 3743 erat
524 3698 561 3743 eo
586 3699 663 3744 casu
686 3678 842 3742 actionem
865 3677 942 3740 mihi
966 3695 1030 3740 non
1054 3675 1137 3756 dari,
1163 3674 1218 3754 qui
