3154 5338
576 410 805 474 -326-

151 616 222 674 sens,
251 597 364 661 ueluti:
402 596 556 662 »decem
585 598 681 662 mihi
710 616 848 662 aureos
875 575 982 662 dabis
1008 596 1043 661 si
1070 594 1250 661 Maeuius

151 717 290 781 piniti«
323 735 396 781 nam
418 717 445 782 si
467 735 504 782 ea
526 718 571 782 ita
597 737 660 782 non
682 723 757 783 sunt
778 721 893 799 (nequo
915 717 998 781 enim
1019 715 1120 781 litium
1143 715 1251 780 consul

150 837 208 915 luit
228 855 329 918 neque
349 837 493 903 Maeuius
517 838 611 920 uiuit)
637 839 757 904 inutilis
788 844 837 904 est
863 837 1039 919 stipulatio:
1070 835 1118 902 sin
1146 839 1251 899 autem

147 959 186 1022 ita
204 977 234 1023 se
256 958 382 1036 habent,
407 959 493 1023 ualet
514 959 622 1024 statim
642 959 814 1040 stipulatio,
838 963 871 1023 et
892 956 1041 1038 competit
1063 955 1154 1021 actio.
1188 972 1251 1018 non

148 1078 217 1141 onim
237 1078 312 1159 quia
333 1079 488 1143 nescimus
511 1097 551 1142 an
572 1078 649 1143 haec
670 1079 716 1143 ita
738 1079 810 1154 sint,
833 1077 903 1142 ideo
926 1077 1034 1141 dilatio
1049 1075 1085 1140 fit
1100 1093 1136 1140 ac
1150 1089 1284 1152 morat

147 1198 299 1278 quominus
321 1205 471 1264 nascatur
493 1199 589 1278 acti03
611 1218 684 1264 nam
706 1217 787 1281 quae
805 1218 862 1280 per
877 1217 982 1264 rerum
996 1202 1144 1262 naturam
1166 1199 1252 1261 certa

146 1323 209 1381 sunt
228 1317 449 1399 obligationem
471 1335 533 1382 non
555 1323 735 1395 morantur,
762 1318 837 1382 licet
858 1318 942 1400 apud
965 1316 1184 1383 contrahentes
1206 1316 1251 1380 in-

114 1443 132 1494 l·
146 1442 220 1502 certa
240 1438 313 1501 sint
348 1441 376 1500 7.
399 1437 470 1501 Non
493 1437 594 1502 solum
617 1457 668 1502 res
690 1439 721 1501 in
740 1437 959 1520 stipulationes
974 1436 1087 1501 deduci
1108 1440 1251 1517 possunt,

144 1556 232 1620 ueluti
253 1555 370 1622 fundus
399 1575 511 1622 seruus
540 1557 633 1636 liber3
661 1563 710 1623 set
732 1563 764 1622 et
789 1556 922 1636 factum;
951 1557 1049 1622 ueluti
1072 1556 1099 1620 si
1120 1555 1252 1637 stipuler

145 1681 175 1740 nt
193 1677 266 1740 mihi
289 1677 415 1742 domum
438 1675 581 1742 aedifices
605 1678 656 1742 uel
678 1683 714 1758 ut
735 1678 780 1742 illi
804 1677 930 1743 domum
952 1697 1015 1742 non
1037 1675 1190 1742 aedifices.
1219 1676 1251 1740 in
1273 1686 1304 1737 lo

144 1798 286 1863 eiusmodi
308 1803 414 1862 autem
436 1798 702 1880 stipulationibus,
725 1799 757 1862 in
781 1817 860 1879 quas
878 1797 996 1864 lactum
1019 1796 1193 1874 deducitur,
1216 1801 1253 1860 nt

143 1918 250 1999 aliquid
273 1937 385 2000 nempe
407 1917 463 1982 fiat
477 1918 529 1983 uel
544 1936 606 1981 non
621 1916 685 1995 fiat,
710 1917 862 1999 optimum
885 1923 934 1983 est
954 1935 1087 1999 poenam
1110 1916 1252 1981 subicere

142 2037 245 2101 ueluti:
288 2038 343 2102 »si
379 2036 551 2102 feceris«
589 2043 646 2102 aut
681 2056 776 2102 »non
816 2037 966 2103 leceris
998 2035 1090 2101 milri
1123 2010 1251 2100 decem

142 2175 273 2222 aureos
304 2157 454 2221 dabis«.
499 2176 602 2239 poena
630 2157 712 2222 enim
738 2177 801 2222 non
823 2157 978 2234 subiecta,
1007 2157 1038 2220 in
1060 2156 1179 2220 incerto
1202 2158 1251 2218 est

140 2276 209 2356 quid
229 2276 344 2370 debeat
371 2277 426 2358 qui
455 2281 566 2341 contra
591 2275 700 2342 iecerit
721 2296 816 2359 quam
841 2277 1030 2359 promiserit
1076 2295 1146 2341 cum
1169 2275 1302 2340 animm

140 2395 218 2460 inid
245 2395 332 2478 quod
360 2397 492 2461 interest
518 2395 771 2462 condemnandus
794 2397 836 2461 sit
863 2396 961 2479 (quod
983 2396 1015 2459 in
1037 2396 1156 2460 incerto
1179 2393 1250 2476 cst),

140 2534 259 2582 necesse
282 2521 332 2581 est
354 2517 452 2581 actori
475 2517 609 2598 probare
625 2517 701 2598 quid
723 2518 790 2582 cius
813 2517 945 2581 intersit.
981 2516 1088 2596 itaque
1110 2514 1150 2579 ad
1172 2514 1252 2579 tales

140 2634 334 2701 difficultates
364 2637 511 2702 uitandus
538 2657 640 2718 poena
666 2637 848 2702 subicienda
877 2642 941 2716 est3
969 2655 1067 2717 quaro
1094 2636 1120 2700 si
1154 2635 1253 2716 stipu-

139 2755 215 2821 latus
237 2755 360 2834 fuerim,
384 2761 420 2820 ut
442 2756 488 2820 ita
509 2755 615 2834 facias,
639 2757 678 2821 de
700 2775 802 2838 poena
823 2758 867 2822 sio
890 2757 1035 2838 stipulari
1057 2755 1164 2821 debes:
1197 2755 1252 2820 »si

138 2875 187 2940 ita
207 2875 356 2941 iactum
377 2895 451 2940 non
474 2877 565 2954 erit,
588 2883 668 2942 tum
690 2897 838 2959 poenae
854 2876 1136 2941 nominedabis
1158 2875 1252 2940 mihi
1270 2886 1304 2937 ao

139 2995 261 3062 decem
291 2999 476 3062 aureosi«
513 3003 562 3063 set
583 2998 610 3062 si
636 2997 791 3080 quaedam
821 2996 888 3062 fieri
917 2997 1071 3078 quaedam
1101 3015 1163 3060 non
1184 2994 1253 3062 fieri

138 3135 195 3180 una
222 3118 425 3198 conceptione
453 3117 512 3182 sim
539 3117 719 3198 stipulatus,
748 3135 867 3198 poenae
896 3117 1038 3182 clausula
1064 3115 1131 3180 siue
1158 3121 1253 3196 caput

137 3235 311 3302 huiusmodi
327 3237 524 3303 adiciendum
540 3243 602 3303 est:
629 3237 684 3302 »si
704 3237 899 3302 aduersus
915 3255 959 3301 ea
974 3235 1117 3301 factum
1132 3236 1251 3312 orit«,

137 3358 257 3438 sonita,
286 3358 341 3423 »si
363 3357 454 3439 quid
469 3376 603 3422 eorum
624 3355 856 3422 iactumnon
878 3357 967 3432 orit,
992 3361 1082 3420 tuno
1104 3373 1252 3436 poenae

136 3479 289 3544 nomine
312 3478 442 3544 docem
463 3496 603 3544 aureos
626 3477 720 3543 dare
748 3476 981 3560 spondeslr.
1020 3476 1047 3541 si
1077 3474 1252 3558 stipulatio
1270 3482 1303 3535 25
