3384 5314
619 453 658 460 ...
707 415 771 482 492
817 454 859 462 ...

182 609 264 670 qnae
288 592 330 654 ab
347 611 424 656 arcu
440 591 572 656 mittitur
588 593 736 674 sagittam
753 591 941 675 significare,
966 597 1015 656 set
1032 591 1184 674 quidquid
1200 611 1294 656 mauu

182 716 344 780 cuiusdam
368 717 507 782 mittitur.
553 717 660 798 itaque
684 723 716 782 et
738 717 820 800 lapis
844 723 876 782 et
898 718 1018 800 lignum
1042 722 1074 781 et
1096 717 1213 781 ferrum
1236 717 1295 781 hoe

181 803 305 906 nomine
341 842 544 906 continentur.
589 842 661 906 ideo
693 848 798 907 antem
830 842 944 907 telum
979 847 1124 923 uocatur,
1154 841 1229 922 quia
1256 860 1296 904 ex

181 965 348 1030 interuallo
373 972 404 1030 et
426 967 458 1031 in
481 967 685 1050 longinquum
714 967 859 1048 mittitur,
889 989 909 1030 a
932 987 1049 1050 graeca
1076 971 1188 1050 nempe
1217 985 1296 1030 uoce

182 1089 349 1172 figuratum
375 1088 444 1155 dud
467 1099 527 1154 τοῦ
550 1089 659 1177 τηλοῦ.
706 1100 737 1158 et
760 1093 840 1156 hanc
864 1091 1126 1175 significationem
1153 1091 1295 1156 inuenire
1334 1102 1348 1152 5

183 1236 307 1299 quoque
342 1237 508 1318 possumus
540 1218 572 1282 in
607 1237 723 1300 graeco
758 1218 898 1300 numine,
937 1239 1010 1283 nam
1045 1217 1130 1300 quod
1164 1217 1296 1282 Romani

181 1342 295 1404 telum
316 1343 489 1425 appellant,
511 1343 542 1406 id
564 1343 679 1407 Graeci
701 1341 812 1424 βέλος
832 1348 949 1408 uocant
967 1338 1035 1406 οἶπὸ
1058 1337 1118 1406 τοῦ
1136 1339 1295 1423 βάλλεσ-

180 1470 261 1529 θαι.
297 1465 385 1530 cuius
408 1467 455 1531 rei
478 1467 567 1532 testis
592 1473 640 1532 est
663 1468 828 1550 Xenopho,
853 1468 907 1548 qui
929 1467 975 1532 ita
998 1467 1139 1550 scripsit:
1163 1466 1227 1530 ‘xci
1250 1463 1295 1530 οοὶ
1340 1527 1344 1539 ,

180 1589 270 1676 βέλη
293 1589 377 1673 ὁμοῦ
400 1589 544 1677 ἐφέρετο,
566 1590 682 1676 λόγχαι
697 1589 878 1675 τοξεύματα
895 1590 1070 1674 σφενδόναι
1092 1590 1236 1656 πλεῖστοι
1260 1589 1297 1654 δὲ

181 1716 232 1778 καὶ
266 1716 405 1802 alnoth),
452 1723 483 1781 et
511 1737 582 1782 cum
618 1737 739 1794 uocem¹
762 1717 873 1800 βέλος
905 1717 1156 1802 praeposuisset,
1191 1721 1297 1780 cetera
1317 1725 1351 1776 10

182 1839 294 1905 deinde
318 1841 459 1906 subiecit.
506 1841 686 1906 leuantem
711 1841 824 1907 dicitnr
848 1843 1028 1907 Cornelia
1061 1843 1104 1906 de
1132 1841 1296 1906 sicariis.

181 1966 315 2030 sicarii
337 1973 442 2031 autem
465 1973 617 2032 uocantur
640 1967 831 2049 homicidae,
856 1968 1000 2032 nimirum
1024 1988 1044 2032 a
1073 1967 1186 2042 ‘sica',
1214 1986 1296 2048 quae

181 2111 244 2156 uox
267 2092 403 2157 ferreum
426 2093 560 2156 cultrum
577 2092 741 2175 significat.
776 2093 888 2157 eadem
903 2091 956 2157 lex
973 2099 1004 2157 ct
1019 2093 1177 2158 ueneficos
1193 2091 1297 2175 capite

181 2216 298 2300 plectit,
322 2217 375 2299 qni
398 2217 519 2282 artibus
543 2217 661 2282 odiosis
685 2223 717 2282 et
732 2218 864 2282 uenenis
880 2224 912 2282 et
931 2218 1064 2301 magicis
1080 2217 1217 2282 susurris
1240 2237 1297 2281 seu

182 2342 403 2426 carminibns²l
419 2342 561 2407 homines
577 2342 732 2424 occidunt,
757 2343 809 2407 uel
825 2343 911 2406 mala
925 2344 1156 2408 medicamenta
1171 2343 1297 2426 publice
1318 2351 1350 2402 15

147 2476 171 2526 6.
182 2466 356 2530 uenditant.
414 2471 444 2534 6.
472 2467 530 2531 nst
563 2468 615 2532 lex
650 2487 775 2548 quoque
809 2468 962 2550 Pompeia
997 2466 1040 2532 de
1074 2467 1297 2552 parricidiis

182 2592 389 2676 asperrimum
413 2592 531 2656 crimen
559 2592 650 2657 nouis
677 2612 871 2678 persequens
898 2592 1018 2676 poenis.
1065 2611 1129 2673 qua
1156 2597 1295 2674 cauetur,

182 2724 216 2782 ut
239 2717 267 2782 si
290 2717 360 2800 quis
376 2723 540 2800 parentem
555 2717 607 2782 nel
622 2717 720 2782 filium
737 2717 875 2782 aliumue
892 2737 931 2782 ex
946 2717 1055 2781 liberis
1077 2716 1144 2804 [aut
1160 2715 1296 2802 omnino]

182 2841 369 2908 adfectionis
408 2842 490 2924 eius,
530 2862 611 2925 quae
645 2841 807 2926 parricidii
841 2841 1075 2925 nuncupatione
1110 2841 1296 2923 continetur,

183 2967 346 3050 occiderit,
375 2968 444 3032 sine
472 2967 554 3032 clam
578 2967 646 3032 sine
669 2968 791 3050 polam,
819 2986 877 3032 nec
901 2986 964 3031 non
987 2967 1028 3050 is,
1056 2967 1144 3031 cuins
1167 2966 1241 3031 dolo
1264 2966 1298 3030 id
1317 2975 1351 3026 20

181 3092 299 3158 factum
323 3093 377 3174 sit,
406 3093 459 3157 ucl
482 3093 536 3174 qni
559 3091 697 3157 criminis
726 3092 871 3157 conscius
893 3092 1002 3173 fuerit,
1031 3091 1106 3156 licet
1129 3098 1297 3156 extraneus

183 3217 233 3300 sit,
257 3217 411 3282 eiusmodi
434 3237 538 3300 poena
560 3222 713 3282 teneatur.
749 3224 780 3282 et
803 3237 906 3297 neque
929 3216 1070 3300 gladium
1086 3217 1139 3281 lex
1159 3215 1297 3295 adducit,

182 3361 285 3423 neque
313 3341 439 3424 ignibus
461 3361 550 3405 reum
573 3340 682 3422 tradit,
711 3361 814 3424 neque
843 3341 898 3406 alii
925 3341 982 3405 ulli
1005 3340 1149 3406 sollemni
1175 3359 1297 3424 poenae

183 3467 306 3549 subicit,
331 3473 379 3531 set
402 3467 504 3531 culleo
529 3466 673 3532 coriaceo
697 3466 821 3530 immitti
844 3466 931 3532 iubet
955 3485 1025 3531 cum
1049 3485 1128 3530 cane
1152 3472 1184 3530 et
1211 3465 1297 3547 gallo

182 3591 359 3674 gallinaceo
389 3597 420 3656 at
448 3591 559 3675 uipera
589 3597 621 3656 et
648 3591 753 3672 simia,
782 3596 813 3656 et
843 3592 888 3656 ita
916 3611 987 3655 eum
1015 3591 1047 3655 in
1080 3591 1182 3655 culleo
1216 3589 1298 3654 insui
1317 3598 1350 3650 25

272 3842 293 3910 ¹)
311 3842 364 3895 Est
385 3839 477 3896 Anat).
502 3843 526 3908 b,
545 3842 571 3908 2,
596 3842 636 3895 14.
682 3842 812 3895 ’πλεῖστοι
836 3839 861 3894 δ’
881 3839 911 3895 ἔκ
934 3842 989 3894 τῶν
1010 3842 1114 3912 χειρῶν
1136 3838 1217 3894 λίθοι’
1236 3837 1298 3892 libri

182 3929 382 3997 Xenophontis.
410 3931 493 3983 latine
507 3930 547 3983 sio
559 3927 659 3982 reddo:
674 3930 711 3982 ‘et
722 3941 777 3982 uua
785 3928 964 3982 mittebantur
975 3928 1056 3997 tela,
1070 3926 1166 3981 hastae
1179 3927 1297 3994 sagittae

182 4017 283 4072 fundae
302 4021 330 4072 et
347 4018 455 4085 plurimi
474 4020 500 4087 [a
518 4017 652 4086 manibus]
672 4015 795 4084 lapidos’.

271 4107 293 4175 ²)
312 4106 402 4161 cilex
420 4106 475 4161 XII
493 4106 577 4162 tahal.
588 4105 709 4176 (vlnus
730 4106 783 4173 [25]
803 4103 913 4173 bohun)
932 4117 1013 4174 quam
1031 4103 1115 4158 Thus.
1128 4103 1297 4172 probabilius

182 4196 305 4264 respexit
323 4195 365 4265 (n.
386 4199 428 4264 uo,
449 4198 490 4264 re,
510 4195 579 4262 aas).
1120 4179 1123 4189 '
