3384 5314
628 418 867 480 -483-

191 613 320 675 sequar,
347 593 433 658 nullo
457 593 530 658 inde
554 592 739 658 detrimento
764 591 912 658 adficiar'.
958 597 990 656 et
1013 612 1119 656 rursus
1143 612 1212 656 curn
1236 594 1305 674 quio

192 717 388 798 elidebant,
413 717 540 782 infitiari
556 717 669 800 coepit,
692 717 738 782 ita
754 717 912 799 cogitans:
936 716 964 780 ei
980 717 1158 800 obrepsero,
1182 718 1305 782 absolu-

190 843 307 907 tionem
331 843 493 927 optlnebo,
528 843 577 908 sin
605 848 709 907 autern
738 842 891 924 obrepere
918 860 981 906 non
1008 848 1153 924 potuero,
1187 843 1306 906 nullum

191 966 409 1032 detrimentum
432 968 545 1052 patiar,
571 967 709 1032 debitum
733 967 870 1032 soluens.
904 973 1029 1031 ueteres
1053 986 1128 1049 ergo
1154 967 1307 1032 eiusmodi

191 1097 331 1156 actorum
360 1091 535 1156 calumnias
559 1097 590 1156 et
612 1111 737 1156 reorum
764 1090 964 1156 initiationes
991 1110 1137 1156 resecare
1166 1091 1307 1156 uolentes
1344 1103 1360 1156 5

189 1235 311 1298 poenas
347 1217 619 1298 excogitauerunt:
654 1222 720 1280 turn
754 1216 969 1299 pecuniariam
1004 1215 1306 1298 condemnationem,

189 1345 253 1416 tum
278 1341 481 1406 iurisiurandi
495 1341 691 1423 religionem,
716 1350 781 1406 tum
796 1339 988 1422 ignominiae
1003 1345 1119 1406 metum
1134 1339 1306 1404 inicientea.

156 1469 219 1529 1.1.
242 1464 283 1528 Et
307 1463 522 1530 iusiurandum
550 1463 676 1546 quidem
705 1464 848 1528 omnibus
876 1463 939 1528 reis
968 1483 1008 1528 ex
1036 1463 1307 1528 constitutionibus

189 1588 340 1672 principis
363 1588 462 1652 nostri
486 1588 632 1652 defertur.
678 1608 741 1652 non
765 1587 858 1652 aliter
885 1587 968 1652 enim
997 1587 1111 1668 aliquis
1139 1588 1203 1652 suis
1232 1589 1307 1653 alle-

190 1715 369 1796 gationibus
396 1715 442 1779 uti
469 1721 585 1798 potest,
620 1713 682 1777 nisi
709 1718 804 1778 antea
831 1712 995 1795 iurauerit,
1024 1712 1108 1795 quod
1135 1719 1250 1796 putans
1274 1733 1307 1777 se
1328 1727 1363 1781 10

190 1839 275 1904 bona
298 1839 449 1904 instantia
473 1838 575 1903 actori
597 1837 814 1902 contradicere
838 1837 879 1901 ad
902 1837 1051 1902 iudicium
1074 1837 1227 1920 peruenit.
1261 1849 1309 1901 est

190 1963 286 2046 igitur
308 1963 499 2048 grauissima
521 1983 625 2046 poena
648 1963 680 2026 in
703 1962 872 2046 periurium
896 1961 1035 2027 incidere
1059 1968 1091 2026 et
1110 1961 1258 2043 debiturn,
1281 1961 1309 2026 si

138 2104 178 2154 la.
189 2093 319 2171 constet,
342 2087 542 2154 nihilominus
559 2088 692 2154 soluere.
729 2091 780 2154 la.
797 2087 875 2152 Sunt
888 2087 1052 2168 quaedam
1069 2086 1210 2150 actiones
1227 2105 1308 2166 quae

191 2213 279 2296 dupli
294 2213 347 2278 uel
362 2212 449 2296 tripli
466 2213 757 2278 condemnationem
777 2212 905 2292 hahent,
926 2211 1024 2275 ueluti
1040 2210 1166 2292 exlege
1182 2210 1310 2290 Aquilia

188 2345 286 2432 atque
310 2359 350 2403 ex
373 2338 488 2421 legatis
511 2337 746 2402 uenerabilibus
767 2336 846 2401 locis
869 2335 996 2400 relictis.
1031 2335 1191 2399 hortamur
1214 2334 1311 2416 igitur
1331 2351 1362 2401 15

191 2484 261 2546 eos,
297 2463 352 2545 qui
379 2463 486 2544 aliqua
513 2461 624 2526 harum
659 2461 816 2526 actionum
843 2465 1001 2540 tenentur,
1035 2459 1141 2523 statim
1171 2458 1310 2522 debitum

191 2588 298 2671 lateri3
333 2608 407 2652 nam
438 2587 466 2652 sl
493 2585 609 2651 infitias
637 2586 744 2666 ierint,
779 2584 812 2648 in
847 2583 975 2668 duplum
1011 2582 1309 2664 condemnabuntur,

193 2713 326 2778 alterum
353 2711 499 2795 simplum
521 2716 649 2794 praeter
676 2708 723 2790 id,
753 2707 837 2788 quod
861 2707 1006 2788 debeant,
1034 2725 1158 2790 poenae
1185 2706 1310 2770 nomine

140 2848 182 2903 lb.
193 2838 361 2904 soluentes.
399 2836 454 2902 lb.
475 2835 553 2900 Sunt
577 2833 733 2916 quaedam
749 2832 901 2913 cotiones,
926 2850 1008 2913 quae
1023 2831 1174 2896 maiorem
1198 2830 1310 2914 simplo

192 2961 484 3028 condemnationem
514 2960 645 3040 habent,
681 2957 824 3041 quamuis
852 2956 1005 3022 aduersus
1032 2955 1185 3020 latentem
1212 2955 1312 3020 interr·
1330 2971 1365 3023 20

193 3087 320 3152 dantur:
343 3085 377 3150 in
400 3084 538 3169 duplum,
562 3085 645 3149 actio
668 3083 744 3149 lurti
759 3101 818 3149 nec
838 3081 1012 3164 manifesti3
1036 3081 1069 3146 in
1092 3079 1311 3164 quadruplum,

193 3211 277 3278 actio
304 3209 379 3276 furti
401 3208 568 3274 manifesti.
620 3214 652 3273 et
679 3209 740 3272 hae
771 3207 898 3288 quidem
920 3213 992 3271 sunt
1014 3224 1137 3290 poenae
1159 3204 1312 3269 aduersus

143 3349 264 3400 laneos
287 3337 444 3404 inuentae.
482 3339 531 3400 lo.
555 3333 634 3398 Sunt
656 3333 751 3398 etlam
767 3332 919 3397 aduersus
936 3330 1164 3395 calumniantes
1187 3349 1311 3414 poenae
