3384 5314
682 415 921 477 —466-

246 587 362 672 debere
389 593 421 651 et
448 585 619 670 promisisti
651 605 691 650 ea
722 587 812 669 dare,
844 607 923 667 quae
956 587 1071 652 debere
1102 586 1356 668 existimaueras3

247 713 389 792 quamuis
413 711 574 794 stipulatio
599 731 688 786 suam
711 711 775 775 uim
799 712 944 777 hahuerit
963 719 994 777 ct
1013 712 1118 776 uerbis
1135 711 1358 793 obligationem

247 836 405 920 pepererit
433 842 464 900 et
492 837 663 918 actionem,
691 855 772 916 quae
795 837 868 901 inde
892 837 1044 918 nascitur,
1075 837 1155 901 adeo
1180 844 1213 900 ut
1237 836 1359 900 actione

247 981 287 1026 ex
318 961 469 1044 stipulatu
497 966 551 1024 aut
577 961 774 1025 condictione
799 966 901 1026 tecum
929 962 1066 1046 experiri
1092 961 1227 1045 possim3
1255 967 1360 1024 tamen

248 1108 317 1153 cum
340 1086 510 1151 absurdum
534 1086 574 1150 sit
597 1107 617 1150 a
640 1093 685 1167 te,
714 1086 767 1168 qui
794 1086 871 1150 nihil
899 1087 1033 1168 debeas,
1062 1086 1128 1169 peti
1150 1085 1260 1167 licere,
1289 1084 1360 1148 ideo
1397 1097 1413 1150 t

247 1212 323 1275 mihi
347 1232 386 1276 ex
414 1211 564 1294 stipulatu
592 1212 699 1294 agenti
727 1212 942 1295 exceptionem
972 1231 1127 1295 oppones,
1157 1211 1279 1276 dicens:
1309 1211 1361 1274 »si

247 1344 365 1402 metus
389 1357 504 1400 causa
527 1356 598 1400 non
620 1336 797 1421 promisi«
818 1341 872 1400 aut
888 1337 939 1400 »si
961 1356 1033 1400 non
1056 1356 1122 1420 per
1145 1335 1267 1399 dolum
1290 1335 1361 1398 tibi

247 1481 333 1526 rens
356 1462 483 1526 factus
512 1481 607 1524 sum«
633 1468 686 1525 aut
710 1462 752 1526 ‘si
779 1482 851 1526 non
878 1481 944 1544 per
974 1480 1138 1526 errorem
1168 1460 1240 1524 tibi
1271 1461 1361 1525 dare

249 1586 458 1670 spopondi’.
519 1585 600 1650 actio
639 1586 746 1668 itaque
783 1587 850 1650 iure
885 1588 1096 1669 competebat;
1133 1591 1180 1650 set
1214 1587 1289 1666 quia
1323 1606 1362 1650 ex

250 1711 385 1776 naturali
408 1711 475 1775 iure
503 1710 643 1791 iniquum
667 1717 735 1776 crat
758 1711 845 1775 illam
868 1711 990 1789 ualere,
1018 1711 1161 1794 exceptio
1186 1709 1416 1778 introductam

251 1843 307 1918 est,
331 1857 389 1920 per
404 1856 498 1916 quam
513 1841 544 1901 te
560 1842 624 1901 met
639 1837 741 1919 ipsum
758 1835 952 1900 defenderes.
987 1837 1065 1900 haec
1087 1835 1230 1918 exceptio
1248 1837 1363 1900 erroris

251 1982 348 2026 causa
371 1962 446 2025 data
469 1961 508 2024 in
530 1961 672 2025 factum
697 1961 818 2041 dieitur,
844 1981 881 2025 eo
899 1961 982 2041 quod
997 1981 1054 2044 per
1069 1961 1170 2045 ipsam
1187 1962 1233 2025 rei
1256 1982 1363 2026 narra·

216 2099 240 2150 2.
250 2088 367 2152 tionem
391 2105 461 2150 eam
484 2106 556 2150 reus
581 2086 719 2169 opponit.
765 2089 794 2152 2.
817 2087 969 2169 Exceptio
998 2087 1030 2152 in
1053 2087 1107 2150 illo
1137 2106 1259 2168 quoque
1287 2107 1364 2150 casu

252 2211 426 2296 opponitur.
472 2211 590 2294 petiisti
623 2232 643 2275 a
677 2231 727 2276 mc
761 2218 795 2275 ut
823 2211 847 2275 O
875 2231 987 2275 aureos
1022 2211 1079 2276 tibi
1114 2211 1281 2313 crederem.
1331 2211 1363 2275 id

252 2339 357 2401 facere
395 2337 533 2419 promisi.
594 2337 716 2399 interim
754 2357 824 2400 cum
862 2342 895 2400 tu
934 2343 1028 2400 antea
1062 2337 1239 2401 cautionem
1278 2337 1363 2400 exhi·
1384 2345 1416 2398 lt

253 2461 386 2544 buisses,
410 2480 484 2543 ego,
508 2481 548 2525 ea
570 2466 713 2542 recepta,
738 2461 867 2542 promisi
890 2481 939 2524 me
963 2460 1021 2524 tibi
1043 2465 1156 2543 postea
1180 2461 1362 2542 soluturum,

252 2606 354 2668 neque
388 2591 494 2651 tamen
528 2586 561 2649 id
592 2585 664 2649 feci.
710 2590 850 2668 tempore
879 2592 991 2668 postea
1019 2586 1142 2669 elapso,
1172 2585 1275 2649 sciens
1303 2605 1362 2666 ego

253 2711 485 2795 stipulationem
525 2731 613 2774 suam
647 2711 711 2774 uim
744 2711 875 2793 habere,
907 2711 1074 2794 pecuniam
1109 2731 1129 2774 a
1158 2717 1189 2776 te
1221 2711 1363 2791 condico,

253 2836 372 2900 scilicet
395 2855 435 2899 ex
458 2835 660 2919 stipulatione
684 2841 811 2918 propter
833 2835 972 2900 strictam
995 2836 1071 2900 iuris
1098 2836 1261 2900 rationem.
1317 2840 1365 2899 set

253 2961 327 3041 quia
356 2961 497 3041 iniquum
530 2967 578 3024 est
608 2966 640 3024 te
676 2961 892 3036 condemnari,
926 2961 1060 3044 pecunia
1094 2979 1157 3024 non
1190 2965 1364 3040 numerata,
1384 2965 1420 3019 20

253 3090 407 3168 competet
434 3085 492 3150 tibi
515 3085 657 3168 exceptio
681 3095 763 3148 ‘non
790 3092 1008 3150 numeratae
1036 3085 1242 3168 pecuniae,
1272 3105 1365 3164 quam

253 3209 422 3292 prudentes
446 3216 569 3274 uocant.
615 3216 663 3274 set
689 3210 762 3273 clim
791 3230 889 3290 usque
918 3209 959 3273 ad
988 3209 1231 3292 quinquennium
1260 3208 1364 3271 huius-

252 3333 338 3398 modi
373 3335 516 3418 exceptio
545 3335 662 3418 cppcni
688 3339 826 3416 poterat3
855 3334 947 3398 hodie
979 3340 1097 3414 autem,
1127 3333 1219 3397 sicuti
1247 3330 1279 3396 in
1303 3333 1366 3396 111²
