3154 5338
518 441 749 505 -328-

63 640 78 687 1.
92 631 119 690 et
129 629 253 707 uterque
265 626 434 707 separatim
447 626 649 708 respondeat:
670 626 903 709 »spondeo«.
929 629 955 689 1.
975 625 1024 689 Ex
1039 625 1191 690 eiusmodi

91 743 328 825 stipulationibus
345 745 585 827 stipulatoribus
603 745 733 828 singulis
746 746 879 810 solidum
892 745 1057 810 debebitur
1073 749 1105 808 et
1121 763 1191 826 pro-

90 865 233 928 mittentes
250 865 364 946 singuli
378 866 410 929 in
426 865 559 930 solidum
575 865 782 944 tenebuntur3
798 865 830 928 in
846 869 981 947 utraque
996 869 1100 929 tannen
1116 863 1192 928 obli-

89 983 198 1064 gatione
220 1003 285 1047 una
306 1003 356 1048 res
378 985 524 1049 uertitur.
569 1004 643 1049 narn
666 985 745 1049 alter
767 1003 892 1049 reorum
914 984 1086 1066 stipulandi
1109 983 1193 1048 debi-

89 1109 146 1168 tum
166 1104 343 1186 accipiendo
365 1123 472 1169 correo
488 1123 545 1170 suo
568 1104 694 1186 petendi
714 1103 896 1170 facultatem
919 1103 1036 1184 aufert;
1059 1108 1091 1168 et
1113 1103 1226 1167 alter5

88 1241 198 1287 reorum
220 1224 424 1306 promittendi
447 1225 587 1289 debitum
610 1224 760 1289 soluendo
790 1243 932 1289 corneum
954 1243 1046 1289 suurn
1069 1241 1193 1305 quoque

54 1352 71 1402 2.
87 1341 194 1408 liberat.
250 1345 277 1406 2.
308 1343 356 1406 Ex
386 1343 508 1408 duobus
536 1348 642 1407 autern
671 1343 732 1408 reis
760 1342 964 1424 promittendi
997 1342 1078 1407 alter
1104 1361 1191 1424 pure,
1260 1421 1262 1428 Α

87 1462 156 1526 alter
175 1463 206 1526 in
229 1462 310 1527 diem
338 1463 387 1527 uel
408 1462 478 1527 ,sub
506 1463 686 1526 oondioione
712 1462 844 1544 obligari
873 1466 992 1543 potest;
1021 1479 1083 1525 non
1111 1461 1191 1526 enim

85 1579 112 1643 id
131 1582 188 1645 erit
209 1582 431 1664 impedimento
452 1583 618 1665 quominus
642 1584 749 1647 statim
770 1583 809 1647 ab
830 1601 866 1647 eo
888 1587 1017 1664 petatur
1039 1581 1093 1664 qui
1114 1585 1193 1663 pure

84 1693 269 1782 promiserit;
293 1723 363 1768 oum
385 1705 460 1786 quin
476 1704 502 1768 is
518 1703 590 1769 inde
612 1704 755 1785 protinus
779 1703 992 1780 conueniatur,
1009 1720 1070 1765 non
1087 1701 1191 1766 obstet
1211 1705 1245 1755 10

85 1821 208 1918 alterurn
231 1821 263 1887 in
287 1824 368 1888 diem
390 1823 442 1888 uel
464 1823 523 1888 sub
547 1823 726 1888 condicione
748 1822 937 1904 promisisse.

278 2437 326 2502 De
348 2436 550 2519 stipulatione
571 2455 745 2503 seruorum.
791 2436 914 2502 Titulus
940 2439 987 2500 17.

157 2589 253 2655 Serui
276 2610 346 2656 turn
367 2592 485 2656 nullam
499 2591 637 2657 habeant
650 2611 817 2675 personam
833 2591 1030 2656 dominorum
1045 2588 1195 2670 quodam·

81 2708 164 2772 nodo
179 2729 350 2791 personam
365 2710 590 2792 praeseferunt,
614 2715 646 2776 et
667 2711 740 2776 inde
755 2711 986 2793 deprehendere
1001 2710 1074 2773 licet
1089 2711 1196 2779 utrum

80 2828 218 2910 stipulari
241 2831 366 2912 possint
387 2850 444 2896 neo
465 2849 513 2896 ne.
559 2836 608 2897 set
629 2831 706 2896 haee
734 2830 861 2913 quidem
883 2831 910 2896 si
932 2830 1017 2896 serui
1044 2827 1196 2910 stipulan-

82 2946 117 3010 tis
138 2948 286 3015 dominus
311 2950 439 3015 existat:
466 2969 539 3015 narn
561 2950 587 3015 si
607 2956 751 3015 mortuus
771 2951 867 3015 fuerit
893 2969 995 3032 neque
1022 2948 1123 3012 adhue
1145 2946 1198 3010 he·
1219 2958 1249 3007 15

79 3068 188 3134 reditas
221 3071 311 3136 adita
333 3071 391 3149 sit,
422 3069 463 3134 ad
490 3069 696 3134 hereditatem
724 3088 835 3134 seruus
858 3069 1008 3150 pertinet,
1031 3085 1112 3148 quae
1134 3065 1197 3146 ple-

45 3227 47 3230 ·
79 3206 205 3272 rumque
228 3209 385 3272 personae
408 3188 546 3254 defuncti
562 3190 661 3254 uioem
681 3190 824 3254 sustinet.
860 3189 964 3266 Quare
986 3189 1013 3252 si
1035 3185 1111 3268 quid
1133 3204 1198 3250 ser-
