3370 5350
583 431 624 446 -
669 396 816 460 290-

145 601 229 649 uerso
250 581 357 648 fratris
379 583 556 666 sororisque
578 583 715 666 abnepos
737 581 891 666 abneptis,
914 589 947 650 et
961 583 1182 652 conuenienter
1204 585 1258 652 ab·

145 708 268 784 patruus
298 703 450 782 abamita,
479 703 562 770 idest
589 703 681 769 abaui
711 701 809 770 lrater
837 710 870 770 et
902 721 1007 783 soror,
1042 704 1257 770 abnuunculns

144 822 357 900 abmatertera,
379 821 463 888 idest
483 820 616 888 abauiae
638 821 737 888 irater
762 841 798 888 ac
824 839 927 888 soror:
958 821 1100 888 similiter
1128 829 1160 889 et
1186 841 1257 890 con·
1360 863 1362 868 ,

143 941 281 1009 sobrinus
303 947 335 1007 et
357 941 552 1022 consobrina,
575 941 658 1008 idest
679 942 749 1024 quis
771 959 892 1023 quaeue
911 961 949 1008 ex
968 941 1117 1012 iratribus
1131 947 1257 1026 patrue-

110 1070 129 1124 t.
143 1060 217 1126 libus
240 1060 293 1126 uel
315 1059 508 1128 consobrinis
530 1061 580 1127 uel
607 1060 745 1128 amitinis
772 1067 1030 1146 progenerantur.
1081 1063 1110 1127 t.
1144 1061 1257 1130 Hacte-
1289 1071 1307 1123 n

143 1198 194 1246 nus
218 1180 395 1246 ostendisse
417 1179 532 1247 sufficit
554 1182 814 1264 quemadmodum
842 1180 1036 1263 cognationis
1061 1182 1178 1264 gradus
1200 1202 1256 1250 uu·

142 1305 309 1365 merentur:
333 1301 412 1366 scire
435 1301 515 1366 enim
539 1297 635 1368 debes
657 1300 811 1383 quomodo
840 1305 990 1382 generate
1019 1317 1161 1382 quaeque
1187 1319 1256 1384 per·

140 1437 209 1484 sona
244 1420 376 1500 gradum
405 1419 536 1484 adiciat:
564 1418 687 1486 facilius
720 1391 825 1485 autem
858 1425 908 1486 est
938 1419 1127 1500 respondere
1158 1428 1255 1501 quoto

141 1540 269 1618 quisque
298 1538 398 1621 gradu
432 1539 490 1618 sit,
518 1540 781 1623 quamproprias
808 1540 1000 1622 cognationis
1029 1539 1254 1621 appellationes

105 1660 125 1711 8·
141 1658 318 1740 exprimere.
363 1659 393 1723 8.
426 1658 544 1725 Eodem
566 1659 658 1725 modo
680 1659 877 1741 adgnationis
899 1677 936 1724 eo
964 1659 1157 1740 cognationis
1185 1677 1252 1741 gra·
1274 1661 1306 1714 1⁰

104 1790 124 1840 a.
142 1778 195 1844 dns
215 1785 431 1844 numerantur.
476 1780 505 1842 9.
541 1778 597 1844 Set
619 1797 689 1844 cum
712 1777 831 1844 ueritas
858 1797 914 1860 per
941 1777 1047 1844 oculos
1077 1796 1170 1862 quem
1198 1796 1256 1860 per

140 1915 225 1962 aures
249 1896 345 1963 fidem
368 1898 518 1980 potiorem
547 1895 753 1975 nanciscitur,
780 1897 852 1964 ideo
879 1898 1088 1964 necessarlum
1110 1903 1253 1980 putatum

140 2022 183 2082 est
202 2023 276 2098 post
298 2016 452 2097 graduum
479 2017 691 2081 narrationem
718 2016 802 2097 ipsos
831 2017 923 2081 etiam
953 2016 1072 2098 gradus
1099 2017 1255 2098 praesenti
1301 2043 1303 2048 ·

136 2137 209 2202 libro
230 2135 370 2213 inscribi,
393 2141 548 2216 qnatenus
571 2147 603 2201 et
624 2135 753 2202 auribus
774 2141 806 2203 at
826 2136 1019 2220 inspectione
1037 2135 1254 2204 adulescentes

136 2253 205 2321 baec
234 2256 442 2338 percipientes
469 2252 728 2337 perfectissimam
761 2254 916 2336 graduum
945 2255 1118 2321 doctrinam
1139 2255 1253 2338 adipis·
1273 2258 1304 2310 1⁶

135 2383 248 2441 cantur.
