3328 5318
605 377 845 440 -431-

168 547 256 611 litem
283 547 454 628 habebam3
485 549 557 612 misi
587 549 617 614 ei
648 551 789 614 libellum
819 549 886 614 eius
915 569 1067 631 summae,
1096 569 1177 628 quae
1204 549 1285 612 mihi

167 689 282 735 reuera
305 670 487 736 debebatur.
532 673 635 738 uiator
658 681 777 756 autem,
806 674 859 754 qui
883 693 995 738 aureos
1018 673 1047 736 II
1071 673 1280 756 sportularum

166 793 295 858 nomine
319 795 469 875 consequi
492 795 642 878 debebat,
666 797 739 862 VIII
762 817 875 862 aureos
899 797 1030 880 accepit.
1076 801 1188 878 agetur
1211 816 1280 861 cum

169 938 207 983 eo
232 939 272 982 ex
295 919 366 1001 Iege
390 919 577 984 condicticia
600 926 631 985 et
647 921 855 1005 quadruplum
870 921 943 986 VIII
960 941 1125 986 aureorum
1147 925 1278 1004 petetur.

110 1045 220 1109 2626.
244 1042 389 1106 Diximus
413 1043 552 1108 actiones
569 1044 644 1108 furti
661 1065 720 1110 uec
735 1045 903 1127 manifesti,
928 1045 1013 1110 serui
1028 1045 1175 1128 corrupti,
1200 1044 1280 1128 Iegis
1318 1056 1340 1107 c
1408 1099 1411 1107 r

168 1167 308 1248 aquiliae
332 1175 363 1232 et
386 1168 520 1251 deposIti
544 1167 632 1252 dupli
655 1170 946 1234 condemnationem
969 1170 1100 1234 babere:
1124 1168 1281 1233 interdum

168 1291 269 1390 etiam¹
281 1291 457 1374 legatorum
471 1292 586 1357 fideiue
603 1295 837 1359 commissorum
847 1293 1039 1377 petitionem,
1058 1313 1138 1375 quae
1151 1313 1281 1358 uenera-

167 1415 286 1480 bilibus
314 1416 392 1480 Iocis
419 1417 530 1481 relicta
557 1418 626 1482 sint.
672 1419 754 1484 inter
780 1418 837 1483 has
865 1425 971 1483 tamen
999 1418 1139 1482 actiones
1167 1437 1206 1481 ea
1233 1423 1281 1482 est

169 1540 356 1621 differentia,
382 1541 465 1621 quod
487 1541 561 1605 furti
575 1562 633 1607 nec
649 1543 808 1608 manifesti
824 1543 970 1625 seruique
987 1543 1126 1626 corrupti
1141 1541 1280 1606 actiones

169 1665 346 1730 omnimodo
371 1663 459 1748 dupli
482 1671 566 1748 sunt3
591 1667 658 1731 siue
683 1667 752 1748 quis
769 1667 916 1732 infitIetur
939 1667 1006 1731 siue
1022 1667 1173 1748 fateatur,
1198 1666 1280 1729 actio
1302 1671 1341 1724 10³

168 1809 246 1853 uero
270 1789 351 1872 Iegis
376 1791 514 1873 aquiliae
538 1797 569 1856 et
585 1791 718 1875 depositi
741 1793 774 1856 in
796 1792 966 1875 praedictis
984 1791 1110 1856 casibus
1127 1790 1280 1855 aduersus

167 1913 338 1978 infitiantes
363 1915 575 1998 duplicantur,
599 1917 752 1981 aduersus
776 1935 852 1980 uero
877 1916 1059 1980 confitentes
1080 1916 1113 1979 in
1136 1915 1282 1998 simplum

166 2037 350 2104 redduntur.
404 2039 437 2103 in
467 2040 573 2122 legato
603 2046 708 2104 autem
736 2041 879 2106 ecclesiis
907 2040 1019 2104 aliisue
1046 2039 1281 2104 uenerabilibus

167 2163 248 2226 locis
270 2161 380 2227 relicto
404 2182 466 2228 non
489 2164 590 2228 solum
607 2185 677 2229 cum
694 2166 763 2245 quis
779 2165 936 2246 infitiatur,
962 2165 1050 2248 dupli
1065 2171 1113 2229 est
1129 2164 1281 2228 aduersus

170 2306 242 2350 cum
266 2287 498 2370 condemnatio,
527 2295 575 2352 set
598 2289 692 2353 etiam
716 2309 786 2353 oum
809 2309 882 2353 reus
905 2289 1027 2377 tamdiu
1055 2289 1159 2353 differt
1181 2287 1282 2353 relicti
1302 2291 1334 2343 15

169 2413 372 2512 solutionem,
406 2413 505 2478 donec
533 2415 621 2478 iussu
656 2416 898 2498 competentium
932 2415 1173 2496 magistratuum
1208 2434 1280 2477 oon·

170 2537 325 2602 ueniatur.
353 2537 386 2600 in
402 2537 599 2603 confitentem
615 2557 691 2602 uero
709 2543 740 2602 et
756 2544 924 2620 antequam
939 2539 1028 2602 iussu
1043 2537 1282 2620 magistratuum

112 2672 159 2724 27.
170 2660 378 2726 conueniatur
412 2661 586 2725 soluentem
620 2661 725 2744 simpli
758 2661 906 2726 redditur.
952 2664 1002 2727 27.
1026 2662 1110 2726 Inter
1142 2661 1282 2728 actiones

170 2791 285 2866 autem,
321 2804 403 2865 quae
438 2785 606 2868 quadrupli
639 2785 928 2851 condemnationem
962 2785 1092 2866 habent,
1128 2786 1207 2851 haec
1235 2792 1284 2852 est

171 2909 359 2990 differentia,
383 2930 456 2973 narn
480 2910 562 2974 actio
587 2909 629 2973 de
654 2929 696 2973 eo
721 2910 818 2990 quod
840 2915 959 2974 metus
983 2929 1099 2974 causa
1122 2929 1160 2974 eo
1180 2911 1284 2975 differt
1301 2910 1351 2962 ab·
1376 2993 1378 2998 ,

172 3054 192 3096 a
216 3031 339 3114 ceteris,
364 3033 449 3114 quod
463 3033 559 3097 tacite
576 3033 643 3096 eius
663 3040 777 3097 natura
800 3033 989 3115 continetur;
1014 3037 1048 3096 ut
1064 3033 1092 3096 si
1106 3053 1179 3097 reus
1196 3033 1284 3097 iussu

171 3157 285 3222 iudicis
312 3177 379 3221 rem
406 3158 508 3241 ipsam
536 3157 569 3220 ui
597 3158 736 3221 ablatam
767 3157 913 3221 restituat
945 3158 1060 3240 actori,
1090 3158 1282 3222 absoluatur.

172 3281 258 3364 quod
280 3281 312 3346 in
336 3282 449 3347 ceteris
472 3282 648 3347 actionibus
676 3281 807 3346 nonita
834 3287 895 3364 est3
924 3281 957 3346 in
983 3281 1046 3345 illis
1075 3281 1156 3345 enim
1186 3281 1282 3345 omni·

170 3406 265 3470 modo
301 3406 433 3486 quisque
460 3407 493 3471 in
522 3405 732 3490 quadruplum
766 3408 1005 3472 condemnatur:
1041 3405 1134 3471 sicuti
1168 3411 1216 3470 est
1252 3405 1284 3469 in

172 3530 296 3594 duabus
317 3530 349 3594 in
368 3530 486 3595 factum
506 3529 681 3595 actionibus
706 3538 737 3595 et
759 3531 792 3594 in
812 3530 1008 3609 condictione
1032 3551 1072 3595 ex
1094 3531 1176 3612 lege,
1202 3549 1283 3610 quae
1302 3532 1341 3584 25

171 3654 327 3719 aduersus
344 3660 541 3719 executorem
557 3655 715 3738 competit,
740 3655 794 3737 qui
810 3655 967 3738 sportulas
982 3655 1131 3738 legitimis
1146 3654 1283 3719 maiores
