3370 5350
589 382 824 450 -262-

153 574 249 656 patris
269 573 351 640 bona
373 573 575 655 pertinerent,
599 578 704 639 atrurn
726 573 767 639 ad
789 571 903 640 liberos
925 591 965 639 an
988 571 1082 639 etiam
1099 574 1138 640 ad
1154 573 1269 657 adgno-

153 695 208 758 tos.
252 711 323 757 nam
346 693 373 757 sl
395 691 493 758 lilium
516 709 618 760 meum
641 711 698 774 ego
726 691 1003 775 emancipauerinr,
1032 693 1099 775 ipse
1125 711 1201 759 uero
1224 710 1271 758 se·

153 821 213 878 met
233 811 266 876 in
287 812 523 896 adrogationem
546 813 627 878 Titio
650 812 786 887 dederit,
816 831 874 894 ego
903 821 1008 878 autem
1036 813 1189 896 adgnatos
1211 813 1265 877 ha·

153 931 225 998 bens
248 932 372 1010 moriar,
395 931 468 998 licet
489 930 571 998 Titio
597 930 695 998 filium
724 931 757 996 in
780 932 947 1014 adoptione
978 932 1127 1000 retinenti
1150 933 1269 998 aditum

152 1051 294 1131 adgnatis
316 1052 491 1132 relinquere
513 1053 553 1118 ad
575 1052 798 1130 hereditatem
820 1052 871 1118 uel
893 1051 919 1116 si
941 1053 1087 1118 maluerit
1108 1049 1196 1118 illum
1218 1071 1268 1118 me
1303 1051 1319 1103 ὅ

152 1179 272 1238 mortuo
289 1173 483 1252 emancipare
498 1179 534 1236 ut
548 1172 676 1252 adgnati
691 1171 816 1254 quidem
832 1171 1032 1251 repellantur,
1055 1172 1123 1253 ipse
1138 1191 1214 1237 uero
1230 1171 1270 1236 ad

152 1291 377 1357 successionem
393 1305 492 1357 meam
508 1297 647 1370 uocetur,
670 1307 745 1355 sane
760 1296 872 1372 potest.
895 1287 1067 1356 adsurdum
1082 1297 1187 1355 autem
1204 1307 1272 1356 esse

153 1410 284 1475 diximus
304 1410 338 1475 in
360 1409 501 1492 adoptiui
523 1411 621 1492 patris
644 1415 800 1492 potestate
823 1428 892 1475 esse
915 1409 968 1493 qui
992 1410 1068 1474 milri
1091 1411 1273 1490 succedant,

111 1543 143 1594 11.
154 1536 254 1596 utrum
277 1529 360 1595 filius
383 1549 469 1596 meus
491 1550 532 1596 an
554 1532 691 1612 adgnati.
743 1533 792 1594 11.
825 1531 928 1610 Quare
956 1531 1094 1614 (oportet
1122 1529 1204 1596 enim
1231 1531 1271 1595 ad

152 1649 225 1716 illud
247 1649 353 1716 redire
375 1651 458 1732 quod
479 1651 587 1734 paucis
609 1659 682 1716 ante
705 1651 840 1718 diximus
863 1650 1092 1734 emancipatum
1115 1651 1154 1716 ab
1174 1649 1270 1730 adop·
1290 1662 1321 1713 10

152 1771 214 1836 tino
236 1778 330 1852 patre
356 1783 507 1852 quantum
537 1771 577 1836 ad
604 1789 675 1836 eum
703 1777 884 1838 extraneum
911 1769 1044 1850 censeri)
1068 1771 1170 1836 minus
1192 1768 1272 1834 iuris

153 1891 265 1956 habent
289 1890 432 1973 adoptiui
453 1908 546 1971 quam
568 1891 727 1956 naturales
748 1891 848 1956 liberi.
893 1888 1046 1956 naturalis
1077 1890 1158 1956 enim
1188 1887 1271 1954 lilius

152 2027 236 2075 meus
259 2011 474 2092 emancipatus
497 2011 641 2091 quamuis
663 2009 713 2075 ius
735 2011 937 2076 successionis
959 2009 1029 2074 iure
1051 2006 1134 2075 ciuili
1150 2010 1271 2088 perdat,

152 2135 290 2194 attamen
312 2147 332 2193 a
353 2138 498 2209 praetore
519 2127 590 2195 filiis
614 2136 864 2196 connumeratur.
908 2125 1049 2210 adoptiui
1070 2147 1147 2195 uero
1170 2147 1272 2194 eman-

152 2247 243 2328 cipati
266 2255 301 2314 et
321 2252 390 2316 iure
412 2249 497 2317 ciuili
519 2251 657 2334 perdunt
678 2253 810 2334 gradum
832 2253 1002 2318 liberorum
1032 2259 1064 2318 et
1085 2272 1105 2317 a
1127 2255 1322 2334 praetorem

152 2388 210 2434 non
232 2367 433 2435 adiuuantnr.
486 2377 517 2438 et
545 2378 643 2438 reete:
673 2369 831 2440 naturalia
858 2373 939 2436 enim
965 2372 1034 2437 iure
1063 2367 1164 2436 ciuilis
1193 2372 1273 2436 ratio

151 2507 311 2569 peremere
333 2507 402 2556 non*
416 2495 530 2574 potest,
552 2509 618 2569 nec,
642 2491 716 2573 quie
738 2491 886 2558 desinunt
906 2492 955 2556 sui
970 2491 1102 2556 heredes
1118 2508 1196 2568 esse,
1220 2490 1273 2554 de·

153 2607 255 2674 sinunt
285 2616 401 2676 natura
426 2608 482 2676 filii
516 2608 639 2676 filiaeue
673 2615 802 2693 nepotes
831 2616 982 2691 neptesue
1015 2628 1100 2676 esse:
1128 2609 1272 2692 adoptini

50 2707 51 2722 ¹
153 2747 225 2794 uero
247 2729 437 2812 emancipati
459 2731 598 2796 extranei
619 2729 772 2812 incipiunt
794 2747 880 2804 esse,
902 2747 1013 2794 nomen
1045 2728 1126 2794 enim
1157 2727 1212 2793 filii
1234 2727 1273 2792 fi·

152 2846 251 2914 liaeue
273 2850 360 2932 quod
382 2867 438 2929 per
460 2847 656 2930 adoptionem
678 2854 752 2914 sunt
773 2849 938 2926 consecuti,
962 2847 1023 2913 alia
1038 2846 1124 2914 ciuili
1141 2846 1272 2923 ratione,
1291 2854 1325 2906 ao

111 2967 183 3031 laid
205 2973 253 3034 est
276 2965 524 3050 emancipatione
552 2967 698 3048 perdunt.
749 2968 799 3032 12.
833 2967 918 3034 Haec
946 2985 1007 3032 non
1036 2967 1136 3033 solum
1165 2967 1203 3033 dc
1232 2967 1272 3033 ab

152 3086 303 3156 intestato
324 3087 521 3156 successione
542 3087 675 3154 dicenda
695 3094 778 3166 sunt
801 3093 850 3154 set
872 3088 964 3154 etiam
993 3088 1032 3154 de
1054 3092 1163 3154 contra
1184 3087 1273 3156 tabu·

50 3141 52 3214 l
