3298 5322
526 390 567 398 —
616 355 766 419 384-

108 550 167 594 rem
189 529 380 593 destinasset.
417 529 500 612 finge
524 530 614 612 enim,
638 535 753 594 utrem
770 529 886 594 elarius
904 530 1082 612 intellegas,
1106 551 1202 611 quen-

108 655 171 718 dam
193 659 358 735 antequam
381 654 539 718 furaretur
562 654 770 719 familiaribus
786 655 851 720 suis
873 655 1061 736 quibusdam
1084 654 1204 719 fassum

108 798 181 842 esse:
203 799 268 843 rem
290 779 392 860 illam,
422 799 516 861 quem
544 781 749 862 subrepturus
778 799 860 861 sum,
888 779 921 843 in
945 780 1076 844 aedibus
1098 780 1203 862 Primi,

107 903 186 966 uerbi
202 903 311 984 gratia,
336 903 493 986 deponere
510 905 592 968 uolo.
631 904 659 968 si
681 910 753 987 post
767 904 884 967 furtum
901 903 1071 968 admissum
1095 903 1204 988 depre-

105 1027 208 1090 hensus
236 1027 277 1090 sit
306 1047 373 1091 rem
401 1033 512 1092 tenens
541 1029 593 1092 uel
617 1033 804 1112 conspectus
837 1029 878 1092 sit
906 1048 1101 1108 quocumque
1133 1029 1204 1094 loeo
1241 1041 1257 1093 1

105 1155 263 1232 antequam
293 1152 325 1214 in
354 1153 450 1216 aedes
473 1153 570 1216 Primi
598 1173 669 1216 eam
696 1153 862 1236 perferret,
889 1153 995 1234 ibique
1023 1153 1203 1236 deponeret,

103 1275 276 1340 manifestus
299 1277 357 1340 erit
372 1277 431 1340 fur.
465 1277 643 1358 sinautem,
668 1282 836 1360 postquam
859 1277 892 1340 in
915 1278 1011 1342 aedes
1026 1278 1123 1342 Primi
1137 1298 1203 1342 rem

103 1401 257 1481 pertulerit
280 1401 387 1482 ibique
409 1403 599 1485 deposuerit,
624 1403 837 1486 deprehensus
854 1403 895 1466 sit
911 1423 982 1466 eam
997 1422 1060 1466 non
1075 1403 1204 1484 habens,

102 1543 157 1586 non
184 1526 345 1590 uideretur
371 1527 557 1591 manifestus
584 1527 635 1590 fur
665 1547 743 1592 esse.
789 1548 830 1592 ex
856 1527 919 1608 his,
949 1547 1030 1608 quae
1059 1527 1202 1608 diximus,

102 1648 287 1732 intellegitur
303 1651 373 1731 quis
385 1651 572 1716 manifestus
583 1652 636 1715 fur
651 1653 704 1734 sit3
726 1653 865 1736 eogitare
882 1652 963 1716 enim
979 1652 1061 1734 lieet,
1077 1651 1203 1733 furtum,
1224 1661 1258 1712 10

73 1774 178 1851 lquod
199 1775 402 1838 manifestum
418 1795 481 1840 non
504 1781 560 1858 est,
583 1795 650 1840 nee
674 1777 914 1840 manifestum
938 1795 1017 1839 esse.
1056 1780 1085 1840 4.
1112 1775 1204 1840 Con·

101 1904 243 1980 oeptum
267 1901 383 1962 furtum
407 1900 529 1982 dieitur,
553 1921 623 1964 oum
648 1901 732 1984 apud
756 1901 891 1981 aliquem
909 1900 1041 1964 testibus
1056 1919 1204 1983 praesen·

100 2021 177 2086 tibus
192 2043 244 2088 res
260 2044 332 2088 mea
348 2023 466 2088 furtiua
481 2025 627 2106 quaesita
643 2029 738 2106 etque
754 2025 884 2088 inuenta
900 2029 956 2105 est,
980 2045 1054 2088 uam
1074 2025 1106 2088 in
1125 2044 1204 2106 eum,

100 2147 177 2228 apud
200 2167 295 2228 quem
318 2149 448 2212 inuenta
475 2153 536 2229 est,
565 2149 694 2232 propria
722 2149 804 2213 aetio
834 2149 1004 2213 eonstitute
1032 2153 1093 2230 est,
1123 2169 1204 2229 quae

99 2269 205 2334 dieitur
229 2273 440 2355 ‘ooneepti'3
465 2293 568 2353 neque
591 2273 722 2336 interest
745 2278 848 2336 utrum
871 2273 908 2354 is,
933 2273 1018 2356 apud
1042 2293 1134 2355 quem
1153 2293 1205 2337 ree
1225 2286 1258 2339 15

99 2393 221 2459 inuenta
247 2401 304 2477 est,
328 2397 380 2460 fur
403 2397 444 2460 sit
467 2417 508 2460 an
531 2397 582 2460 fur
603 2417 667 2460 non
691 2397 739 2478 sit,
764 2402 812 2461 set
835 2418 855 2460 a
877 2416 926 2460 me
950 2417 1016 2460 rem
1039 2397 1205 2479 acceperit.

99 2519 262 2582 oblatum
290 2519 408 2584 furtum
437 2521 563 2602 dieitur,
600 2541 670 2584 oum
700 2541 751 2585 res
782 2521 901 2584 furtiua
928 2521 969 2584 ab
997 2521 1103 2600 aliquo
1130 2520 1204 2585 mihi

100 2643 202 2707 oblata
214 2645 265 2724 sit,
284 2664 385 2725 eaque
401 2645 486 2728 apud
501 2665 552 2709 me
564 2645 698 2710 testibus
713 2645 933 2730 praesentibus
950 2645 1095 2725 quaesita
1109 2650 1205 2726 atque

97 2773 245 2852 eoneepta
269 2769 318 2850 sit,
343 2769 452 2850 utique
476 2789 551 2834 uero
576 2790 647 2834 eum
670 2791 709 2834 ea
731 2775 835 2834 mente
859 2770 929 2852 quis
952 2770 1033 2834 hano
1056 2769 1205 2832 furtiuam

97 2911 158 2954 rem
180 2893 258 2956 mibi
282 2894 439 2976 optulerit,
463 2899 499 2956 ut
521 2895 606 2977 apud
628 2915 678 2959 me
701 2894 806 2978 potius
831 2915 925 2976 quam
950 2894 1035 2977 apud
1059 2914 1129 2958 eum
1152 2893 1207 2974 qui
1224 2906 1259 2958 20

97 3013 217 3081 dederit
239 2997 466 3100 eoneiperetur,
491 3019 613 3082 etmihi
628 3019 733 3102 potius
750 3018 1017 3084 condemnationis
1036 3017 1206 3101 ignominia

97 3159 187 3220 quam
213 3141 275 3204 sibi
297 3141 450 3206 haereret.
489 3142 521 3205 in
543 3142 601 3206 hoo
626 3143 708 3207 enim
731 3163 809 3208 oasu
832 3163 891 3226 ego
915 3143 1042 3226 quidem
1065 3141 1207 3225 oonoepti

96 3265 219 3330 actione
242 3270 360 3347 teneor,
383 3267 417 3330 in
440 3287 511 3330 eum
535 3287 625 3348 nero,
650 3267 793 3350 quirem
817 3267 978 3351 optulerit,
1002 3267 1084 3331 aetio
1108 3263 1207 3330 oblati

94 3389 166 3452 mihi
190 3390 350 3473 competit,
376 3390 520 3472 quamuis
543 3391 594 3454 fur
615 3411 678 3455 non
702 3391 752 3472 sit,
777 3391 831 3471 qui
852 3391 886 3456 id
908 3391 1026 3456 feeerit.
1060 3391 1157 3473 igitur
1179 3389 1207 3454 si

97 3513 163 3592 quis
187 3534 253 3578 non
277 3534 316 3578 ea
338 3523 443 3580 mente
466 3535 533 3579 rem
555 3515 632 3579 mihi
655 3516 813 3598 optulerit,
838 3517 970 3581 tenebor
987 3515 1113 3596 quidem
1136 3534 1207 3579 eon·
1225 3526 1259 3578 25

96 3638 176 3720 oepti
192 3639 328 3720 notione,
354 3639 453 3702 oblati
468 3658 545 3703 uero
563 3639 719 3704 notionem
735 3639 888 3705 aduersus
904 3659 974 3704 eum
991 3658 1054 3704 non
1073 3638 1206 3704 habebo.

95 3768 141 3825 est
164 3763 261 3827 etiam
283 3763 472 3847 prohibiti
494 3764 570 3828 furti
593 3764 675 3828 aetio
692 3764 845 3829 aduersus
861 3783 933 3830 eum
949 3764 1129 3846 constituta,
1153 3763 1208 3846 qni
