3298 5322
557 387 598 396 —
647 354 799 418 390-

49 503 51 506 *
97 545 130 595 18.
138 533 255 612 propter
290 529 454 611 potestatis
492 529 646 594 rationem
682 550 746 595 non
784 529 824 594 sit
862 529 1025 594 obnoxius.
1074 531 1122 594 13.
1145 527 1233 592 Haec

135 653 256 735 primum
278 653 335 717 tibi
350 661 518 737 perspecta
533 655 662 719 habeas.
698 655 751 734 qui
766 655 856 718 nobis
880 673 919 718 ex
942 654 1048 733 aliquo
1072 657 1234 718 contractu

134 783 198 842 sunt
228 777 358 860 obligati
391 778 423 842 in
457 779 511 861 iis,
547 780 588 843 ad
617 799 697 860 quae
727 784 884 857 tenentur,
919 783 1082 861 praestare
1110 777 1233 857 debent,

132 902 216 966 modo
239 903 342 966 dolum
365 908 495 984 tantum,
519 903 613 968 modo
637 904 732 968 etiam
756 903 960 985 diligentiam.
998 923 1071 967 nam
1094 909 1234 966 autnon

133 1033 244 1110 oportet
267 1047 321 1092 eos
345 1027 451 1091 dolum
468 1028 500 1092 in
523 1028 561 1092 iis
578 1029 672 1092 rebus
688 1028 863 1108 admittere,
889 1034 1020 1092 autnon
1037 1032 1160 1110 oportet
1178 1047 1233 1091 eos
1270 1032 1286 1084 5

131 1151 285 1214 mearum
309 1151 452 1216 custodia
474 1151 542 1216 fieri
569 1153 783 1234 neglegentes.
829 1159 877 1216 set
905 1152 932 1216 si
959 1151 1036 1214 nihil
1063 1152 1232 1232 lucrantur,

130 1295 165 1338 ex
187 1274 256 1340 dolo
280 1282 402 1340 tantum
424 1282 578 1357 tenentur,
604 1277 631 1340 si
649 1296 725 1342 uero
742 1277 817 1358 quid
832 1277 911 1340 lucri
926 1276 965 1340 iis
981 1275 1112 1356 accedit,
1137 1275 1233 1340 etiam

132 1419 167 1463 ex
188 1400 389 1482 neglegentia
411 1401 598 1482 obligantur.
633 1401 753 1464 lucrum
777 1406 881 1464 autem
903 1419 966 1464 non
989 1405 1109 1464 tantum
1131 1399 1164 1462 in
1180 1419 1232 1482 pe·

114 1523 216 1586 *cunia
233 1523 418 1606 accipienda
434 1525 585 1606 consistit,
610 1529 658 1589 set
674 1531 705 1589 et
720 1526 753 1588 in
768 1524 924 1607 explendo
948 1525 1098 1605 cuiusque
1120 1543 1232 1606 propo-

128 1647 189 1711 sito.
230 1668 300 1712 cum
323 1649 402 1713 haec
425 1649 483 1713 tibi
497 1657 665 1732 perspecta
680 1650 751 1730 sint,
775 1649 848 1713 uide
865 1669 946 1737 quae
962 1648 1035 1712 inde
1052 1653 1231 1727 sequantur.
1252 1652 1286 1704 10

128 1772 298 1851 quaesitum
322 1778 370 1838 est
397 1774 535 1855 cuinam,
564 1775 646 1838 furto
676 1774 827 1855 admisso,
854 1773 930 1836 furti
957 1773 1038 1836 actio
1067 1776 1231 1854 competat.

127 1901 155 1959 et
176 1897 254 1961 torte
279 1897 348 1978 quis
373 1897 487 1961 dixerit
510 1898 634 1963 domino
659 1918 728 1962 eam
751 1905 937 1982 competere.
968 1903 1016 1962 set
1030 1917 1094 1960 non
1110 1902 1158 1960 est
1172 1897 1231 1959 hoc

127 2040 245 2102 uerum,
271 2021 406 2086 uidimus
430 2022 512 2086 euim
529 2022 686 2087 domiuum
709 2023 811 2105 ipsum
834 2022 988 2086 interdum
1011 2021 1085 2084 furti
1108 2021 1231 2084 actione

125 2146 235 2227 teneri,
282 2166 352 2210 oum
394 2147 513 2211 scilicet
552 2168 572 2210 a
611 2148 765 2212 creditore
805 2167 860 2211 suo
897 2114 1012 2230 pignus
1052 2146 1229 2226 abstrahat3

125 2289 218 2350 quare
243 2271 408 2334 dicendum
433 2278 481 2335 est
503 2271 550 2335 illi
576 2271 731 2336 actionem
755 2272 838 2352 dari,
866 2272 954 2336 cuius
981 2271 1118 2335 interest.
1164 2271 1230 2334 eius
1252 2273 1284 2325 15

121 2415 191 2459 uero
214 2396 360 2476 interest,
389 2396 440 2460 cui
462 2395 576 2460 furtum
600 2397 769 2460 admissum
793 2395 1020 2460 incommodum
1044 2395 1159 2458 adfert:
1184 2395 1230 2457 in·

122 2520 279 2584 commodo
304 2527 408 2584 antem
432 2521 573 2584 adficitur
596 2507 716 2602 quire
740 2521 839 2602 salua,
862 2521 930 2584 eius
946 2519 1107 2585 commodo
1123 2519 1229 2597 utitur,

122 2643 192 2708 licet
215 2645 360 2709 domiuus
383 2665 446 2709 uon
469 2647 523 2710 sit.
552 2651 583 2710 et
609 2646 680 2710 ideo
707 2665 771 2709 nou
797 2645 890 2709 aliter
919 2645 1043 2708 domino
1072 2642 1229 2725 competit,

78 2783 111 2836 ll.
124 2787 214 2848 quam
239 2770 268 2834 si
291 2771 358 2834 eius
381 2771 512 2835 intersit.
561 2775 609 2837 14.
633 2769 717 2846 Quid
739 2791 814 2836 uero
838 2771 897 2834 hoo
920 2770 961 2834 sit
984 2769 1099 2833 clarius
1127 2767 1230 2832 dicen·

121 2891 191 2956 dum
215 2899 273 2958 est.
314 2901 452 2959 mutuum
476 2917 496 2959 a
519 2896 602 2960 Titio
626 2896 743 2979 accepi,
766 2915 893 2975 remque
909 2915 1012 2958 meam
1035 2894 1065 2958 ei
1081 2891 1230 2976 obligari.
1250 2893 1284 2945 20

118 3016 198 3081 hano
224 3039 246 3082 a
260 3019 345 3082 Titio
370 3019 439 3099 quis
463 3019 631 3102 subripuit:
656 3020 780 3084 cuinam
796 3025 951 3102 competet
973 3017 1047 3082 furti
1070 3018 1173 3082 actio?
1199 3023 1231 3080 et

122 3140 254 3206 dicimus
271 3143 418 3207 creditori
433 3149 620 3227 competere.
646 3164 708 3224 qua
724 3164 764 3208 ex
779 3143 897 3208 causa?
913 3144 987 3224 quia
1003 3143 1070 3208 eius
1085 3143 1228 3224 interest;

118 3267 314 3331 commodum
338 3268 420 3332 enim
444 3268 547 3349 sentit,
570 3288 605 3332 re
629 3269 719 3333 salua
741 3273 896 3350 manente,
921 3288 989 3332 cum
1006 3267 1051 3332 ita
1068 3267 1106 3332 de
1123 3268 1228 3332 debito

120 3409 249 3455 securus
276 3391 324 3456 sit.
370 3392 477 3472 itaque
501 3399 532 3457 et
560 3393 665 3458 dolum
692 3398 834 3476 praestat
857 3399 889 3458 et
916 3392 1124 3474 diligentiam,
1155 3392 1229 3472 quia

118 3514 231 3580 crediti
255 3517 464 3598 securitatem,
489 3517 534 3581 uti
557 3517 672 3581 dictum
696 3523 752 3599 est,
776 3537 834 3600 per
855 3517 995 3600 pigneris
1018 3517 1229 3582 detentionem
1248 3523 1282 3576 25
