3370 5350
579 403 812 467 -277-

141 593 350 660 tantummodo
373 592 562 676 relinquens,
584 591 679 656 atium
706 596 810 656 autem
839 590 1009 672 adgnatum
1037 607 1097 654 non
1125 587 1256 654 hahens:

140 719 268 796 patruus
290 713 388 776 ueluti
411 710 610 794 proximus
633 717 779 784 uocatur,
809 709 952 791 quamuis
980 709 1060 773 alius
1090 726 1150 773 non
1173 714 1259 774 extet

107 833 264 912 agredus,
287 850 421 914 quocum
443 831 511 912 ipse
533 837 739 912 comparetur.
789 827 817 893 6.
852 826 913 894 Sed
941 829 967 893 si
995 827 1066 911 quis
1091 829 1258 894 intestatus

141 952 278 1030 decedat,
300 948 352 1015 ille
375 956 410 1014 ut
431 949 590 1032 proximus
619 947 686 1014 adit
708 950 761 1032 qui
784 947 894 1013 mortis
916 953 1056 1030 tempore
1079 946 1207 1028 propius
1229 949 1258 1012 ei

140 1071 279 1150 adcedat,
303 1069 392 1136 cuius
414 1071 453 1134 de
476 1069 651 1134 hereditate
673 1069 845 1150 quaeritur.
870 1067 896 1132 si
918 1085 994 1133 uero
1017 1072 1153 1132 testatus
1175 1064 1259 1146 quis·
1292 1073 1309 1124 o

140 1210 227 1272 quarn
252 1187 433 1268 decesserit,
455 1208 511 1271 per
533 1188 592 1254 hoc
616 1193 737 1268 tempus
760 1186 939 1269 requiritur,
963 1203 1025 1268 quo
1047 1192 1166 1250 certum
1190 1204 1259 1252 esse

139 1307 274 1392 coeperit
292 1307 445 1374 neminem
468 1327 505 1374 ex
528 1311 715 1374 testamento
730 1306 875 1374 defuncto
898 1307 1092 1385 successisse,
1116 1307 1258 1388 quisnam

139 1431 295 1510 proximus
317 1427 425 1493 inerit:
448 1433 522 1492 tunc
545 1427 625 1492 enirn
648 1427 773 1508 proprie
795 1425 866 1509 quis
889 1426 1003 1491 dicitur
1022 1424 1191 1490 intestatus
1206 1427 1259 1491 de·

139 1550 278 1614 cessisse.
323 1548 406 1628 quod
428 1547 554 1630 quidem
581 1547 750 1627 aliquando
780 1545 872 1626 longo
901 1551 1040 1628 tempore
1069 1543 1257 1610 declaratur.

138 1667 252 1748 inquo
277 1669 379 1752 spatio
402 1668 551 1749 temporis
573 1667 699 1747 saepius
722 1666 844 1754 occidit,
867 1673 904 1730 ut
918 1666 970 1747 qui
987 1664 1096 1730 mortis
1119 1671 1258 1746 ternpore
1278 1658 1310 1710 ¹⁰

139 1793 303 1858 remotiore
317 1792 417 1872 gradu
432 1802 501 1856 erat
515 1790 646 1856 uicinior
661 1789 761 1856 iactus
776 1786 982 1854 hereditatem
998 1787 1110 1867 capiat.
1138 1792 1173 1850 ut
1188 1804 1259 1852 ecce

140 1919 279 1976 mortuus
303 1911 497 1993 estquidam
520 1918 701 1976 extraneum
723 1910 889 1975 instituens
911 1907 1067 1986 heredem,
1091 1907 1187 1972 tratre
1209 1923 1260 1972 es-

140 2035 232 2110 tante,
257 2036 383 2096 extante
406 2039 437 2095 et
459 2035 580 2111 patruo.
624 2030 759 2112 scriptus
782 2028 872 2092 heres
896 2025 1150 2092 deliberabatur
1173 2023 1259 2089 adire

140 2157 313 2232 oporteret:
341 2151 464 2215 interim
494 2149 591 2214 trater
618 2147 757 2214 defuncti
781 2147 927 2212 decessit:
957 2153 1028 2228 post
1058 2145 1136 2210 haec
1158 2149 1258 2208 extra·

140 2288 214 2336 neus
236 2269 444 2335 hereditatem
466 2269 653 2350 repudiauit.
684 2267 784 2334 adibit
805 2263 937 2350 patruus
959 2273 1068 2346 utpote
1091 2266 1258 2346 proximus.
1280 2264 1310 2314 ¹⁵

140 2409 219 2456 nunc
241 2391 324 2456 enim
348 2389 512 2455 defunctus
535 2391 701 2454 intestatus
724 2389 878 2472 apparuit,
902 2407 971 2454 curn
994 2406 1083 2452 uerno
1107 2405 1144 2451 ex
1164 2393 1258 2451 testa-

141 2518 242 2576 mento
274 2509 342 2574 eius
370 2509 483 2574 adierit
509 2508 730 2574 hereditatem:
764 2507 922 2588 proximus
956 2507 1102 2571 inuentus
1132 2511 1181 2570 est
1207 2523 1260 2586 pa·

141 2638 228 2694 trous
251 2627 397 2710 quamuis
420 2629 529 2694 mortis
551 2635 691 2709 ternpore
706 2629 853 2694 remotior
867 2627 987 2703 fuisset,
1010 2624 1107 2691 tratre
1123 2625 1259 2691 defuncti

104 2765 125 2817 7.
142 2753 212 2814 tunc
235 2755 371 2814 extante.
417 2749 446 2811 7.
480 2747 516 2812 In
545 2748 752 2830 adgnatorum
782 2747 1011 2813 hereditatibus
1040 2763 1100 2811 non
1128 2752 1260 2811 nouerat

141 2865 188 2933 lex
209 2869 272 2934 XII
293 2869 471 2934 tabularum
499 2869 738 2934 successionem:
767 2867 848 2932 idest
875 2875 997 2930 mortuo
1025 2866 1164 2946 proximo
1187 2869 1259 2930 ante
1277 2865 1311 2916 2⁰

141 2985 311 3053 aditionem
334 2988 384 3052 uei
405 2987 608 3052 hereditatem
624 2987 817 3070 repudiante,
841 3005 903 3050 non
927 2987 996 3051 ideo
1019 2985 1045 3050 is
1068 2983 1168 3068 quiin
1191 3002 1259 3066 pro·

141 3108 269 3172 simiore
292 3107 392 3187 gradu
413 3105 551 3188 legitimo
573 3105 643 3172 iure
665 3113 756 3184 esset,
781 3107 1029 3188 consequebatur
1045 3103 1260 3170 hereditatem.

142 3235 175 3290 ut
197 3246 281 3305 ecce,
303 3234 445 3293 mortuus
468 3228 607 3308 estquis
634 3227 820 3304 intestatus,
849 3234 974 3292 extante
996 3226 1107 3304 tratre,
1136 3231 1260 3288 extante

142 3355 172 3412 et
192 3353 320 3428 patruo:
343 3345 441 3411 frater
463 3347 635 3412 uocabatur
656 3353 766 3426 utpote
788 3347 961 3429 proximus:
984 3346 1010 3410 si
1034 3363 1108 3426 ergo
1128 3343 1261 3427 contige·

141 3467 181 3531 rit
201 3467 331 3532 iratrem
355 3463 407 3530 uel
428 3474 501 3532 ante
520 3465 687 3532 aditionem
704 3467 781 3531 mori
798 3465 847 3533 uel
864 3466 1069 3532 hereditatem
1087 3465 1260 3546 repudiare,
1278 3484 1311 3535 25

142 3592 273 3666 patruus
296 3593 405 3668 utpote
428 3587 583 3668 adgnatus
606 3605 665 3651 non
690 3587 868 3668 perueniat,
891 3605 959 3650 cum
988 3585 1037 3651 lex
1059 3585 1117 3650 XII
1141 3584 1260 3649 tabula·

143 3723 210 3770 rum
232 3707 460 3774 successionem
483 3709 615 3790 ignoret.
660 3709 790 3776 Praetor
819 3716 924 3774 autem
954 3707 1031 3773 iuris
1054 3705 1155 3773 ciuilis
1178 3722 1262 3769 erro·
