3298 5322
539 390 779 454 -396-

111 563 227 626 auferre
250 583 270 625 a
291 563 543 646 possessoribus,
575 565 784 630 eamindicio
816 565 848 630 ui
876 566 1029 630 bonorum
1055 572 1216 648 raptorum

109 686 304 750 condemnari
327 706 390 751 nou
413 707 515 771 posse.
561 689 612 753 oui
635 689 755 754 scilicet
779 690 969 756 conueniens
993 696 1042 754 est
1064 709 1123 754 nec
1143 689 1217 754 furti

108 811 202 875 teneri
225 831 304 893 eum,
329 812 383 894 qni
406 832 510 877 errore
535 813 645 878 ductus
669 834 733 878 non
756 814 829 878 dolo
853 814 937 879 malo
961 813 1075 898 rapuit.
1114 819 1162 878 set
1177 833 1216 878 no

107 954 235 1018 peccare
257 936 436 1000 uolentibus
452 936 525 1001 talis
548 937 726 1002 inueniatur
741 939 804 1019 uia,
829 959 996 1021 perquam
1012 939 1137 1024 impune
1159 959 1217 1002 sna

108 1067 270 1124 exerceant
292 1060 457 1142 maleficia,
483 1067 514 1126 et
537 1082 614 1126 suae
638 1063 822 1144 indulgeant
837 1063 1001 1146 auaritiae,
1025 1064 1141 1146 optime
1157 1083 1214 1146 pro
1253 1077 1279 1128 52

106 1185 160 1248 hac
183 1191 274 1267 parte
291 1185 448 1250 diualibus
464 1187 736 1252 constitutionibus
752 1195 952 1271 prospectum
969 1194 1026 1269 est,
1051 1194 1085 1251 ut
1100 1187 1216 1257 nemini

105 1308 195 1372 liceat
218 1329 285 1373 rem
307 1310 456 1374 mobilem
478 1311 530 1375 uel
554 1319 768 1376 semouentem
792 1332 915 1395 rapere,
940 1312 1014 1376 licet
1033 1332 1122 1376 suam
1146 1331 1216 1376 eam

106 1452 167 1496 rem
201 1453 273 1498 esse
306 1434 478 1516 existimet,
516 1443 548 1500 et
579 1437 611 1500 ni
644 1437 777 1501 anferre.
838 1443 968 1501 cauetur
1000 1436 1083 1500 enim
1115 1436 1216 1502 isdem

106 1557 384 1640 constitutionibus,
409 1565 450 1642 ut,
474 1559 501 1623 si
518 1560 592 1640 qnid
609 1567 719 1625 contra
742 1561 861 1625 t'actnm
884 1561 986 1644 fuerit,
1010 1561 1047 1641 is,
1073 1561 1126 1641 qni
1150 1567 1216 1624 tan·

105 1701 193 1761 qnam
217 1702 308 1746 suam
335 1701 401 1747 rem
429 1683 546 1766 rapuit,
576 1684 643 1748 eius
671 1684 808 1748 dominio
838 1684 945 1762 cadat,
975 1683 1002 1748 is
1031 1690 1135 1748 autem
1163 1685 1216 1765 qui
1237 1696 1281 1748 102

104 1825 165 1870 rem
188 1807 327 1872 alienam
350 1808 431 1872 lalso
448 1828 537 1872 snam
560 1828 630 1873 esse
650 1809 819 1892 putauerit,
844 1809 978 1892 primum
1000 1809 1126 1890 quidem
1148 1829 1214 1874 rem

103 1931 254 2014 restituat,
279 1936 311 1996 et
332 1937 499 2015 praeterea
521 1933 568 1997 rei
592 1934 842 1997 aestimationem
865 1939 1013 2016 praestet.
1046 1933 1129 2014 quod
1153 1953 1215 1998 non

104 2055 200 2120 solum
224 2056 258 2119 in
280 2056 449 2120 mobilibus
472 2058 579 2138 rebus,
607 2077 688 2138 quae
712 2058 782 2141 rapi
805 2065 949 2142 possunt,
979 2058 1215 2123 constitutiones

103 2187 280 2261 sanxerunt,
305 2186 354 2244 set
377 2181 471 2246 etiam
488 2182 520 2246 in
535 2181 762 2263 inuasionibus,
788 2203 869 2262 quae
886 2182 971 2247 circa
986 2202 1037 2247 res
1053 2183 1114 2246 soli
1128 2181 1214 2265 fiunt,

103 2304 195 2368 aedes
227 2324 340 2388 nempe
364 2312 395 2368 et
417 2305 540 2370 fundos.
598 2306 676 2370 haec
700 2313 805 2370 autem
832 2307 951 2371 idcirco
980 2307 1215 2388 constituerunt,
1235 2318 1273 2369 lc

102 2434 133 2491 nt
155 2448 195 2492 ex
217 2428 279 2492 hac
298 2449 396 2492 causa
418 2429 559 2494 homines
587 2431 805 2513 prudentiores
832 2431 909 2495 facti
933 2431 1017 2495 omni
1044 2431 1157 2514 rapina
1185 2438 1216 2495 et

72 2552 264 2620 ainuasione
287 2575 321 2618 se
346 2555 547 2620 abstinerent.
586 2559 615 2622 2.
630 2557 667 2619 ln
682 2555 715 2620 ui
735 2557 888 2622 bonorum
904 2563 1066 2639 raptorum
1090 2557 1214 2621 actione

102 2698 161 2742 non
186 2679 295 2760 utique
324 2699 394 2743 eum
422 2686 624 2764 expectamus
652 2680 810 2745 dominum
838 2701 908 2746 esse
932 2687 1044 2764 raptae
1071 2681 1131 2762 rei,
1163 2682 1216 2762 qui

100 2803 244 2888 rapinam
264 2824 377 2887 passus
399 2810 459 2868 cst:
486 2804 553 2868 siue
574 2804 656 2868 enim
676 2805 815 2870 inbonis
832 2805 900 2869 eius
921 2810 970 2870 est
993 2803 1085 2891 [idest
1100 2805 1132 2868 in
1149 2805 1215 2868 eius

102 2927 260 3015 dominia]
285 2928 352 2993 sine
372 2947 412 2992 ex
427 2927 519 2992 bonis
543 2927 636 3015 [idest
651 2949 714 2993 non
730 2929 762 2993 in
779 2929 916 2993 dominio
940 2929 1018 3010 eius,
1043 2935 1091 2993 set
1111 2935 1216 2993 tamen
1235 2937 1281 2989 20.-
