3164 5338
566 383 793 446 -351-

136 566 265 632 differta
287 567 398 633 ceteris
413 567 655 650 obligationibus
678 587 715 633 ea
737 587 818 650 quae
833 585 985 632 consensu
1006 566 1051 646 fit,
1075 566 1176 632 setin
1200 584 1236 631 eo

136 686 233 758 etiarn,
255 687 341 768 quod
363 687 394 751 in
418 688 529 754 ceteris
557 686 799 769 obligationibus
821 687 902 752 alter
921 687 1048 768 quidem
1069 686 1236 767 obligatur,

136 806 204 870 alter
223 825 300 870 uero
322 806 457 871 alterum
477 807 537 871 sibi
558 806 677 889 obligat
694 807 749 889 ‚(ut
770 824 840 871 ecoe
861 807 893 870 in
916 825 951 870 re
973 806 1162 888 obligatione
1185 806 1238 887 qui

134 925 181 989 dat
201 925 334 990 alterum
356 926 572 1007 sibiobligat,
596 926 650 1008 qui
673 925 785 1007 ancipit
807 925 898 990 alteri
920 925 987 1006 ipse
1009 925 1182 1006 obligatur,
1206 924 1238 988 in

133 1044 290 1109 uerborum
307 1044 497 1126 obligatione
512 1045 566 1127 qui
581 1045 752 1126 stipulatur
766 1045 899 1109 alterum
916 1045 1043 1125 obligat,
1066 1044 1238 1126 promissor
1255 1048 1271 1097 ⁵

131 1183 198 1228 uero
219 1165 248 1230 ei
276 1165 449 1246 obligatur,
478 1166 511 1229 in
540 1165 717 1230 litterarum
747 1163 905 1247 obligatur
933 1165 987 1246 qni
1015 1164 1138 1243 scribit,
1167 1183 1239 1229 eum

130 1302 198 1348 uero
224 1283 286 1349 sibi
312 1285 365 1350 ille
394 1284 513 1366 obligat
542 1284 583 1349 ad
609 1303 702 1366 quem
729 1288 761 1349 et
787 1283 944 1366 scriptura
965 1286 1117 1386 spectat),
1147 1288 1181 1348 at
1206 1284 1238 1347 in

130 1422 275 1469 consensu
298 1405 487 1486 obligatione
515 1409 649 1486 uterque
676 1405 767 1470 alteri
790 1405 948 1486 obligatur
968 1405 1001 1468 in
1029 1405 1062 1468 id
1089 1404 1173 1486 quod
1196 1404 1239 1468 al-

128 1527 224 1588 terum
247 1524 340 1589 alteri
361 1543 400 1590 ex
422 1543 522 1606 aequo
538 1528 570 1589 et
585 1524 666 1588 bono
681 1524 843 1606 praestare
865 1529 999 1605 oportet,
1023 1542 1094 1589 oum
1115 1524 1148 1587 in
1169 1542 1240 1588 uer·

129 1640 233 1708 bomm
256 1643 446 1725 obligatione
468 1645 522 1726 qui
545 1644 717 1727 stipulatur
738 1645 872 1709 alterum
894 1643 953 1708 sibi
975 1643 1107 1725 obliget,
1131 1647 1163 1707 et
1185 1642 1239 1723 qui
1259 1643 1291 1693 ¹⁰

127 1763 256 1845 spondet
277 1763 444 1846 obligetur.

319 2381 367 2446 De
389 2380 545 2463 emptione
567 2385 600 2446 et
620 2379 809 2444 uenditione.
854 2378 977 2444 Titulus
1001 2380 1050 2444 23.

205 2532 250 2596 Et
271 2533 407 2615 primum
437 2533 476 2598 de
504 2533 690 2615 emptione
717 2537 753 2598 et
779 2532 1003 2596 uenditione
1029 2531 1238 2612 dispiciamus.

121 2653 238 2734 emptio
263 2657 295 2716 et
317 2653 456 2718 uenditio
483 2653 680 2719 contrahitur
705 2652 895 2734 simulatque
922 2652 961 2717 de
982 2651 1083 2733 pretio
1105 2655 1241 2731 utraque

118 2788 193 2851 pars
230 2773 431 2837 consenserit.
477 2773 504 2838 si
534 2774 615 2837 enim
650 2773 764 2837 dinam:
807 2772 923 2837 »hanc
956 2790 1030 2836 rem
1063 2769 1182 2834 nendo
1216 2768 1240 2833 G

119 2891 302 2969 aureis«,
326 2898 425 2972 tuque
446 2892 505 2956 hoc
526 2893 628 2974 pretio
644 2893 686 2958 sis
702 2897 877 2970 contentus
901 2892 1009 2958 statim
1031 2890 1170 2956 uenditio
1193 2894 1242 2953 est
1263 2901 1292 2948 ra

118 3016 298 3088 eontracta,
327 3012 472 3093 quamuis
498 3012 637 3077 nondum
664 3013 801 3093 pretium
827 3016 1026 3076 numeratum
1054 3012 1109 3088 sit,
1140 3030 1241 3094 neque

118 3147 193 3194 arra
220 3130 288 3195 ulla
314 3130 389 3195 data
415 3130 517 3196 fuerit.
563 3137 595 3196 et
624 3131 802 3212 adquiritur
827 3132 984 3196 uenditori
1011 3131 1137 3213 quidem
1159 3132 1241 3197 aetio

117 3249 254 3327 uenditi‚
279 3251 413 3331 emptori
428 3257 533 3316 autem
550 3252 631 3316 actio
654 3252 759 3333 empti.
794 3251 878 3332 quod
901 3251 983 3316 enim
1005 3271 1095 3316 arrae
1116 3253 1241 3316 nomine

116 3366 218 3432 datur
246 3375 467 3451 argumentum
497 3375 546 3434 est
573 3376 605 3435 et
631 3371 775 3452 probatio
805 3372 970 3452 emptionis
992 3376 1025 3435 et
1052 3371 1240 3436 uenditionis

117 3494 318 3564 contractae,
341 3508 402 3552 non
425 3508 501 3554 uero
523 3491 593 3572 ipsa
619 3490 810 3554 constitutio.
855 3494 904 3556 set
925 3490 1001 3554 haee
1024 3489 1063 3554 de
1085 3490 1241 3572 emptione
1258 3504 1292 3556 20
