3154 5338
547 369 775 434 -320—

107 554 150 618 uti
170 553 200 618 in
223 553 273 616 ΙΙ·
290 551 498 621 Institutione.
523 554 669 632 diximus,
700 554 766 619 siue
794 543 908 620 tutoris
936 553 1124 621 auctoritate
1150 575 1218 624 mu·

70 735 71 738 ,
106 677 189 737 tuum
212 673 365 754 accipiens
386 690 449 736 uon
473 677 600 737 tenetur
621 678 653 737 et
675 673 702 737 si
717 673 890 738 indebitum
913 673 942 737 ei
957 673 1088 752 soluam,
1111 679 1218 742 tutore

103 811 161 857 uon
181 797 355 874 praesente,
378 809 499 873 nequeo
516 791 703 858 condictioni
718 792 848 857 indebiti
872 791 1038 886 obnoxium
1060 811 1132 858 eum
1155 793 1218 859 effi-

102 931 175 978 oere.
198 913 231 976 iu
252 912 301 986 his
323 913 431 994 itaque
446 912 649 977 conueniunt:
672 911 725 976 illo
742 891 846 977 autem
865 910 1033 992 differunt,¹
1045 912 1130 993 quod
1152 933 1218 979 mu·

101 1031 143 1096 tui
166 1033 320 1097 condictio
343 1053 381 1099 ex
409 1039 571 1100 contractu
600 1037 701 1101 oritur
729 1035 799 1120 (tibi
822 1036 904 1101 euim
925 1041 1071 1112 mutuum
1095 1035 1151 1117 do,
1181 1043 1252 1116 uto

100 1157 129 1216 te
150 1152 323 1234 obligatum
345 1153 507 1240 habeam),
538 1156 692 1221 condictio
722 1161 827 1222 autem
858 1155 989 1222 indebiti
1012 1175 1030 1220 a
1053 1161 1217 1232 contractu

98 1290 156 1336 uon
178 1272 310 1354 pendet;
333 1275 435 1355 qualis
458 1273 539 1340 enim
559 1282 740 1342 contractus
763 1282 820 1355 est,
845 1295 915 1341 oum
938 1275 1089 1342 debitoris
1113 1277 1215 1342 animo

100 1391 327 1472 obligationem,
352 1413 445 1475 quam
470 1396 603 1462 existere
624 1402 741 1478 putem,
765 1393 975 1463 distracturus
998 1395 1128 1474 soluam,
1152 1416 1214 1462 uon

65 1520 85 1570 a
102 1515 340 1579 contracturus?
363 1517 391 1578 2.
407 1515 457 1579 Ad
472 1515 687 1596 obligationes,
711 1535 792 1597 quae
807 1535 841 1580 re
857 1515 1094 1594 contrabuntur,
1119 1534 1217 1580 oom-
1256 1514 1259 1536 '¹

97 1631 297 1697 nodatum
326 1652 451 1716 quoque
477 1635 622 1701 trahitur.
658 1655 730 1700 nam
753 1636 779 1700 si
802 1636 872 1717 quis
901 1654 950 1699 1111
983 1640 1089 1716 roget,
1124 1639 1161 1699 ut
1188 1635 1216 1701 ei
1236 1650 1267 1701 1o

97 1770 196 1816 meum
212 1753 328 1818 librum
344 1754 496 1819 utendum
511 1755 591 1834 dem,
611 1754 706 1836 idque
721 1753 842 1833 faciam,
859 1773 897 1819 en
912 1752 1030 1820 factum
1046 1758 1095 1819 est
1109 1754 1216 1820 subse-

98 1876 216 1951 cutum,
251 1873 335 1937 unde
364 1893 398 1938 11
426 1874 575 1956 obligatio
602 1874 743 1940 nascitur
771 1879 802 1939 11
832 1874 937 1940 actio
967 1874 1214 1939 commodati.

97 1990 184 2073 longe
205 1997 315 2058 autem
338 1993 436 2058 distat
458 1999 606 2059 amutuo
622 1993 865 2059 commodatum:
889 1999 1034 2058 mutuum
1057 1993 1139 2078 enim
1162 1993 1215 2058 do-
1253 2032 1257 2048 =

96 2111 223 2176 minium
246 2111 406 2192 transfert,
429 2114 660 2179 commodatum
683 2117 789 2178 autem
811 2131 873 2176 uon
896 2111 1063 2178 transfert:¹
1090 2119 1123 2178 et
1144 2113 1214 2179 ideo

97 2229 133 2294 ad
153 2231 257 2313 ipsam
279 2251 345 2298 rem
365 2232 593 2299 restituendam
608 2233 662 2315 qui
677 2232 797 2314 aceepit
818 2235 953 2297 tenetur.
989 2235 1038 2297 est
1059 2237 1092 2297 et
1113 2233 1215 2299 altera
1234 2252 1265 2303 15

97 2349 284 2431 differentia3
306 2371 380 2416 nam
402 2352 456 2436 qui
478 2357 622 2417 mutuum
646 2352 774 2434 accepit,
798 2331 831 2416 si
847 2351 897 2416 uel
920 2351 1061 2432 quolibet
1082 2350 1213 2418 fortuito

96 2489 166 2536 casu
187 2471 277 2553 quod
298 2471 418 2554 aceepit
432 2473 581 2552 amiserit,
605 2472 704 2537 ueluti
719 2471 861 2537 incendio
877 2472 929 2536 uel
951 2471 1043 2536 ruina
1064 2472 1116 2537 uel
1137 2491 1214 2538 nau·

96 2590 190 2673 lragio
214 2593 268 2658 uel
289 2593 448 2657 latronum
470 2593 526 2658 seir
548 2594 686 2659 hostium
707 2594 849 2670 incursu,
873 2592 1072 2658 nihilomiuus
1095 2593 1213 2674 obliga-

95 2715 142 2775 tus
163 2716 286 2790 manet;
314 2713 369 2794 qui
397 2718 503 2777 autem
533 2732 599 2777 rem
621 2712 771 2778 utendam
794 2713 930 2794 accepit,
954 2730 1023 2776 eam
1046 2711 1212 2793 diligenter

96 2830 251 2895 custodire
275 2829 381 2913 debet;
403 2850 460 2896 neo
482 2830 598 2897 sufficit
619 2835 740 2896 tantam
756 2850 827 2897 eum
849 2830 996 2896 adhibere
1019 2830 1212 2911 diligentiam
1229 2848 1263 2899 ao

95 2949 123 3015 iu
143 2968 178 3015 re
201 2951 401 3016 commodata
421 2951 634 3030 custodienda,
659 2955 810 3033 quantam
825 2950 857 3013 in
879 2949 1014 3032 propriis
1035 2948 1141 3028 habet,
1164 2954 1214 3015 set

95 3074 210 3135 tautam
243 3069 349 3149 debet,
383 3076 533 3153 quantam
559 3072 639 3136 alius
669 3071 825 3153 quispiam
859 3069 1037 3152 diligentior
1065 3068 1212 3134 adhibere

94 3191 196 3270 possit.
245 3191 272 3256 si
300 3210 377 3256 uero
406 3191 439 3255 ui
467 3191 585 3256 maiore
614 3210 680 3255 rem
707 3191 809 3272 perire
832 3191 1008 3272 contingat,
1038 3207 1100 3254 uon
1121 3168 1212 3254 tene

95 3309 187 3391 bitur;
217 3312 246 3376 si
267 3310 360 3376 modo
390 3329 452 3375 non
480 3312 546 3377 eius
575 3312 667 3393 culpa
688 3310 715 3375 is
739 3329 829 3376 casus
851 3310 1067 3384 interuenerit.
1112 3327 1211 3390 quare

95 3430 117 3494 si
137 3431 194 3496 tibi
217 3431 335 3496 librum
357 3430 633 3510 commodauerim3
660 3435 697 3495 tu
718 3447 849 3512 peregre
870 3449 942 3495 eum
964 3434 1069 3494 tecum
1090 3427 1209 3508 tuleris
1228 3449 1261 3501 as

94 3554 122 3614 et
141 3551 193 3616 uel
215 3551 354 3616 hostium
377 3551 427 3616 uel
450 3551 625 3633 piratarum
647 3550 775 3615 incursu
801 3568 872 3614 eum
894 3548 1077 3630 perdideris,
1101 3549 1211 3630 proeul

95 3667 182 3736 dubio
212 3670 370 3736 teneberis
400 3670 438 3736 de
468 3688 504 3735 eo
538 3669 748 3748 restituendo;
781 3687 845 3733 nou
873 3669 955 3733 enirn
983 3652 1150 3750 oportebat
1178 3673 1211 3734 te

95 3795 199 3856 eontra
230 3792 426 3857 uoluntatem
456 3809 557 3856 meam
584 3809 655 3855 eum
682 3807 813 3872 peregre
840 3788 931 3854 ferre.
977 3788 1210 3854 commodatum

141 4261 244 4313 Theoph·
258 4262 371 4304 Antecess·
385 4274 427 4303 rec·
443 4259 532 4302 Ferrini.
