<?xml version="1.0" encoding="UTF-8"?>
<!DOCTYPE html PUBLIC "-//W3C//DTD XHTML 1.0 Transitional//EN"
    "http://www.w3.org/TR/xhtml1/DTD/xhtml1-transitional.dtd">
<html xmlns="http://www.w3.org/1999/xhtml" xml:lang="en" lang="en">
 <head>
  <title>
</title>
<meta http-equiv="Content-Type" content="text/html;charset=utf-8" />
  <meta name='ocr-system' content='tesseract 3.04.00' />
  <meta name='ocr-capabilities' content='ocr_page ocr_carea ocr_par ocr_line ocrx_word'/>
</head>
<body>
  <div class='ocr_page' id='page_1' title='image "./institutionumgr01linggoog_0239.png"; bbox 0 0 3164 5338; ppageno 0'>
   <div class='ocr_carea' id='block_1_1' title="bbox 548 397 789 460">
    <p class='ocr_par' dir='ltr' id='par_1_1' title="bbox 548 397 789 460">
     <span class='ocr_line' id='line_1_1' title="bbox 548 397 789 460; baseline -0.004 0"><span class='ocrx_word' id='word_1_1' title='bbox 548 397 789 460; x_wconf 80' lang='lat'>—365-</span> 
     </span>
    </p>
   </div>
   <div class='ocr_carea' id='block_1_2' title="bbox 79 570 1229 1028">
    <p class='ocr_par' dir='ltr' id='par_1_2' title="bbox 79 570 1229 1028">
     <span class='ocr_line' id='line_1_2' title="bbox 111 570 1228 654; baseline -0.003 -19"><span class='ocrx_word' id='word_1_2' title='bbox 111 572 291 636; x_wconf 87' lang='lat' dir='ltr'>mandatum</span> <span class='ocrx_word' id='word_1_3' title='bbox 313 571 378 653; x_wconf 87' lang='lat' dir='ltr'>fiat,</span> <span class='ocrx_word' id='word_1_4' title='bbox 403 591 632 654; x_wconf 89' lang='lat' dir='ltr'>superuacuum</span> <span class='ocrx_word' id='word_1_5' title='bbox 649 570 796 652; x_wconf 88' lang='lat' dir='ltr'>estquod</span> <span class='ocrx_word' id='word_1_6' title='bbox 813 576 935 652; x_wconf 88' lang='lat' dir='ltr'>gestum</span> <span class='ocrx_word' id='word_1_7' title='bbox 952 576 1009 650; x_wconf 87' lang='lat' dir='ltr'>est,</span> <span class='ocrx_word' id='word_1_8' title='bbox 1033 589 1135 650; x_wconf 90' lang='lat' dir='ltr'>neque</span> <span class='ocrx_word' id='word_1_9' title='bbox 1155 589 1228 634; x_wconf 90' lang='lat' dir='ltr'>con·</span> 
     </span>
     <span class='ocr_line' id='line_1_3' title="bbox 79 693 1227 778; baseline 0.001 -22"><span class='ocrx_word' id='word_1_10' title='bbox 79 705 102 756; x_wconf 84' lang='lat'>1.</span> <span class='ocrx_word' id='word_1_11' title='bbox 112 715 205 760; x_wconf 90' lang='lat' dir='ltr'>sensu</span> <span class='ocrx_word' id='word_1_12' title='bbox 229 696 391 778; x_wconf 82' lang='lat' dir='ltr'>obligatio,</span> <span class='ocrx_word' id='word_1_13' title='bbox 415 715 518 776; x_wconf 91' lang='lat' dir='ltr'>neque</span> <span class='ocrx_word' id='word_1_14' title='bbox 542 695 683 759; x_wconf 92' lang='lat' dir='ltr'>mandati</span> <span class='ocrx_word' id='word_1_15' title='bbox 706 696 789 760; x_wconf 90' lang='lat' dir='ltr'>actio</span> <span class='ocrx_word' id='word_1_16' title='bbox 812 694 961 758; x_wconf 87' lang='lat' dir='ltr'>nascitur.</span> <span class='ocrx_word' id='word_1_17' title='bbox 998 698 1024 759; x_wconf 92' lang='lat'>1.</span> <span class='ocrx_word' id='word_1_18' title='bbox 1048 693 1227 757; x_wconf 88' lang='lat' dir='ltr'>Mandantis</span> 
     </span>
     <span class='ocr_line' id='line_1_4' title="bbox 110 818 1228 903; baseline -0.004 -18"><span class='ocrx_word' id='word_1_19' title='bbox 110 826 230 885; x_wconf 86' lang='lat' dir='ltr'>tantum</span> <span class='ocrx_word' id='word_1_20' title='bbox 253 820 357 903; x_wconf 86' lang='lat' dir='ltr'>gratia</span> <span class='ocrx_word' id='word_1_21' title='bbox 381 821 550 884; x_wconf 86' lang='lat' dir='ltr'>interuenit</span> <span class='ocrx_word' id='word_1_22' title='bbox 572 820 763 902; x_wconf 85' lang='lat' dir='ltr'>mandatum,</span> <span class='ocrx_word' id='word_1_23' title='bbox 786 819 885 884; x_wconf 92' lang='lat' dir='ltr'>ueluti</span> <span class='ocrx_word' id='word_1_24' title='bbox 909 820 936 884; x_wconf 92' lang='lat' dir='ltr'>si</span> <span class='ocrx_word' id='word_1_25' title='bbox 959 819 1017 882; x_wconf 88' lang='lat' dir='ltr'>tibi</span> <span class='ocrx_word' id='word_1_26' title='bbox 1031 818 1179 882; x_wconf 85' lang='lat' dir='ltr'><strong>mandem</strong></span> <span class='ocrx_word' id='word_1_27' title='bbox 1194 823 1228 880; x_wconf 88' lang='lat' dir='ltr'>ut</span> 
     </span>
     <span class='ocr_line' id='line_1_5' title="bbox 109 944 1229 1028; baseline -0.003 -20"><span class='ocrx_word' id='word_1_28' title='bbox 109 965 180 1009; x_wconf 91' lang='lat' dir='ltr'>mea</span> <span class='ocrx_word' id='word_1_29' title='bbox 205 965 298 1028; x_wconf 89' lang='lat' dir='ltr'>geras</span> <span class='ocrx_word' id='word_1_30' title='bbox 322 945 451 1027; x_wconf 90' lang='lat' dir='ltr'>negotia</span> <span class='ocrx_word' id='word_1_31' title='bbox 473 945 526 1010; x_wconf 89' lang='lat' dir='ltr'>uel</span> <span class='ocrx_word' id='word_1_32' title='bbox 548 945 636 1008; x_wconf 92' lang='lat' dir='ltr'>illum</span> <span class='ocrx_word' id='word_1_33' title='bbox 660 945 789 1008; x_wconf 74' lang='lat' dir='ltr'>fundum</span> <span class='ocrx_word' id='word_1_34' title='bbox 811 945 887 1008; x_wconf 93' lang='lat' dir='ltr'>mihi</span> <span class='ocrx_word' id='word_1_35' title='bbox 911 965 997 1008; x_wconf 89' lang='lat' dir='ltr'>emas</span> <span class='ocrx_word' id='word_1_36' title='bbox 1020 944 1073 1008; x_wconf 90' lang='lat' dir='ltr'>uel</span> <span class='ocrx_word' id='word_1_37' title='bbox 1097 963 1154 1026; x_wconf 91' lang='lat' dir='ltr'>pro</span> <span class='ocrx_word' id='word_1_38' title='bbox 1178 960 1229 1005; x_wconf 93' lang='lat' dir='ltr'>me</span> 
     </span>
    </p>
   </div>
   <div class='ocr_carea' id='block_1_3' title="bbox 75 1047 1315 1153">
    <p class='ocr_par' dir='ltr' id='par_1_3' title="bbox 75 1047 1315 1153">
     <span class='ocr_line' id='line_1_6' title="bbox 75 1047 1315 1153; baseline -0.002 -19"><span class='ocrx_word' id='word_1_39' title='bbox 75 1077 98 1128; x_wconf 74' lang='lat'>2.</span> <span class='ocrx_word' id='word_1_40' title='bbox 110 1071 277 1153; x_wconf 89' lang='lat' dir='ltr'>spondeas.</span> <span class='ocrx_word' id='word_1_41' title='bbox 313 1073 341 1137; x_wconf 79' lang='lat'>2.</span> <span class='ocrx_word' id='word_1_42' title='bbox 354 1071 427 1134; x_wconf 87' lang='lat' dir='ltr'>Mea</span> <span class='ocrx_word' id='word_1_43' title='bbox 442 1077 558 1150; x_wconf 86' lang='lat' dir='ltr'>tuaque</span> <span class='ocrx_word' id='word_1_44' title='bbox 576 1070 679 1152; x_wconf 88' lang='lat' dir='ltr'>gratia</span> <span class='ocrx_word' id='word_1_45' title='bbox 694 1069 862 1134; x_wconf 91' lang='lat' dir='ltr'>interuenit</span> <span class='ocrx_word' id='word_1_46' title='bbox 876 1069 1067 1150; x_wconf 86' lang='lat' dir='ltr'>mandatum,</span> <span class='ocrx_word' id='word_1_47' title='bbox 1085 1067 1229 1148; x_wconf 86' lang='lat' dir='ltr'>quotiens</span> <span class='ocrx_word' id='word_1_48' title='bbox 1266 1079 1282 1131; x_wconf 79' lang='lat'><strong>5</strong></span> <span class='ocrx_word' id='word_1_49' title='bbox 1309 1047 1315 1056; x_wconf 56' lang='grc'><em>’</em></span> 
     </span>
    </p>
   </div>
   <div class='ocr_carea' id='block_1_4' title="bbox 82 1192 1347 3647">
    <p class='ocr_par' dir='ltr' id='par_1_4' title="bbox 82 1192 1347 3647">
     <span class='ocr_line' id='line_1_7' title="bbox 82 1192 1230 1276; baseline -0.003 -16"><span class='ocrx_word' id='word_1_50' title='bbox 82 1194 168 1260; x_wconf 68' lang='lat' dir='ltr'>»tibi</span> <span class='ocrx_word' id='word_1_51' title='bbox 190 1194 305 1259; x_wconf 91' lang='lat' dir='ltr'>mando</span> <span class='ocrx_word' id='word_1_52' title='bbox 329 1201 363 1258; x_wconf 88' lang='lat' dir='ltr'>ut</span> <span class='ocrx_word' id='word_1_53' title='bbox 387 1196 444 1258; x_wconf 91' lang='lat' dir='ltr'>sub</span> <span class='ocrx_word' id='word_1_54' title='bbox 468 1195 571 1259; x_wconf 89' lang='lat' dir='ltr'>usuris</span> <span class='ocrx_word' id='word_1_55' title='bbox 594 1194 677 1258; x_wconf 82' lang='lat' dir='ltr'>&#39;Iitio</span> <span class='ocrx_word' id='word_1_56' title='bbox 701 1193 823 1275; x_wconf 89' lang='lat' dir='ltr'>credas,</span> <span class='ocrx_word' id='word_1_57' title='bbox 848 1193 902 1275; x_wconf 91' lang='lat' dir='ltr'>qui</span> <span class='ocrx_word' id='word_1_58' title='bbox 921 1213 991 1257; x_wconf 87' lang='lat' dir='ltr'>eam</span> <span class='ocrx_word' id='word_1_59' title='bbox 1007 1192 1174 1276; x_wconf 91' lang='lat' dir='ltr'>pecuniam</span> <span class='ocrx_word' id='word_1_60' title='bbox 1197 1193 1230 1256; x_wconf 91' lang='lat' dir='ltr'>in</span> 
     </span>
     <span class='ocr_line' id='line_1_8' title="bbox 108 1317 1230 1402; baseline -0.003 -21"><span class='ocrx_word' id='word_1_61' title='bbox 108 1338 175 1382; x_wconf 91' lang='lat' dir='ltr'>rem</span> <span class='ocrx_word' id='word_1_62' title='bbox 191 1338 295 1382; x_wconf 89' lang='lat' dir='ltr'>meam</span> <span class='ocrx_word' id='word_1_63' title='bbox 311 1319 508 1402; x_wconf 85' lang='lat' dir='ltr'>impensurus</span> <span class='ocrx_word' id='word_1_64' title='bbox 525 1319 573 1382; x_wconf 87' lang='lat' dir='ltr'>sit.</span> <span class='ocrx_word' id='word_1_65' title='bbox 605 1319 664 1382; x_wconf 87' lang='lat' dir='ltr'>tibi</span> <span class='ocrx_word' id='word_1_66' title='bbox 680 1319 763 1383; x_wconf 88' lang='lat' dir='ltr'>enim</span> <span class='ocrx_word' id='word_1_67' title='bbox 779 1318 939 1400; x_wconf 81' lang='lat' dir='ltr'>negotium</span> <span class='ocrx_word' id='word_1_68' title='bbox 955 1317 1084 1400; x_wconf 85' lang='lat' dir='ltr'>prodest</span> <span class='ocrx_word' id='word_1_69' title='bbox 1099 1323 1230 1399; x_wconf 89' lang='lat' dir='ltr'>propter</span> 
     </span>
     <span class='ocr_line' id='line_1_9' title="bbox 107 1441 1229 1526; baseline -0.002 -20"><span class='ocrx_word' id='word_1_70' title='bbox 107 1463 275 1506; x_wconf 88' lang='lat' dir='ltr'>usurarum</span> <span class='ocrx_word' id='word_1_71' title='bbox 299 1443 550 1526; x_wconf 74' lang='lat' dir='ltr'>perceptionem,</span> <span class='ocrx_word' id='word_1_72' title='bbox 575 1443 705 1507; x_wconf 91' lang='lat' dir='ltr'>etmihi</span> <span class='ocrx_word' id='word_1_73' title='bbox 729 1463 868 1524; x_wconf 91' lang='lat' dir='ltr'>quoque,</span> <span class='ocrx_word' id='word_1_74' title='bbox 897 1441 930 1506; x_wconf 91' lang='lat' dir='ltr'>in</span> <span class='ocrx_word' id='word_1_75' title='bbox 953 1442 1041 1506; x_wconf 82' lang='lat' dir='ltr'>&#39;cuius</span> <span class='ocrx_word' id='word_1_76' title='bbox 1064 1461 1131 1505; x_wconf 90' lang='lat' dir='ltr'>rem</span> <span class='ocrx_word' id='word_1_77' title='bbox 1160 1461 1229 1505; x_wconf 87' lang='lat' dir='ltr'>uer-</span> 
     </span>
     <span class='ocr_line' id='line_1_10' title="bbox 108 1567 1228 1659; baseline 0 -29"><span class='ocrx_word' id='word_1_78' title='bbox 108 1567 206 1632; x_wconf 85' lang='lat' dir='ltr'>tenda</span> <span class='ocrx_word' id='word_1_79' title='bbox 234 1573 282 1659; x_wconf 86' lang='lat' dir='ltr'>est</span> <span class='ocrx_word' id='word_1_80' title='bbox 309 1567 452 1650; x_wconf 90' lang='lat' dir='ltr'>pecunia.</span> <span class='ocrx_word' id='word_1_81' title='bbox 503 1568 587 1632; x_wconf 88' lang='lat' dir='ltr'>idem</span> <span class='ocrx_word' id='word_1_82' title='bbox 615 1575 663 1632; x_wconf 90' lang='lat' dir='ltr'>est</span> <span class='ocrx_word' id='word_1_83' title='bbox 690 1568 718 1631; x_wconf 94' lang='lat' dir='ltr'>si</span> <span class='ocrx_word' id='word_1_84' title='bbox 746 1589 766 1631; x_wconf 90' lang='lat' dir='ltr'>a</span> <span class='ocrx_word' id='word_1_85' title='bbox 793 1573 824 1632; x_wconf 84' lang='lat' dir='ltr'>te</span> <span class='ocrx_word' id='word_1_86' title='bbox 852 1568 974 1632; x_wconf 88' lang='lat' dir='ltr'>Primus</span> <span class='ocrx_word' id='word_1_87' title='bbox 1003 1567 1044 1630; x_wconf 85' lang='lat' dir='ltr'>sit</span> <span class='ocrx_word' id='word_1_88' title='bbox 1070 1573 1228 1630; x_wconf 87' lang='lat' dir='ltr'>mutuatus</span> 
     </span>
     <span class='ocr_line' id='line_1_11' title="bbox 109 1691 1284 1776; baseline -0.004 -20"><span class='ocrx_word' id='word_1_89' title='bbox 109 1711 234 1774; x_wconf 85' lang='lat' dir='ltr'>egoque</span> <span class='ocrx_word' id='word_1_90' title='bbox 250 1691 311 1756; x_wconf 89' lang='lat' dir='ltr'>fide</span> <span class='ocrx_word' id='word_1_91' title='bbox 333 1693 476 1758; x_wconf 86' lang='lat' dir='ltr'>iusserim</span> <span class='ocrx_word' id='word_1_92' title='bbox 493 1713 531 1758; x_wconf 89' lang='lat' dir='ltr'>ao</span> <span class='ocrx_word' id='word_1_93' title='bbox 549 1693 698 1776; x_wconf 82' lang='lat' dir='ltr'>deinceps</span> <span class='ocrx_word' id='word_1_94' title='bbox 712 1693 771 1757; x_wconf 90' lang='lat' dir='ltr'>tibi</span> <span class='ocrx_word' id='word_1_95' title='bbox 789 1713 911 1757; x_wconf 90' lang='lat' dir='ltr'>mecum</span> <span class='ocrx_word' id='word_1_96' title='bbox 927 1698 1035 1756; x_wconf 91' lang='lat' dir='ltr'>acturo</span> <span class='ocrx_word' id='word_1_97' title='bbox 1059 1711 1129 1756; x_wconf 87' lang='lat' dir='ltr'>meo</span> <span class='ocrx_word' id='word_1_98' title='bbox 1145 1691 1228 1774; x_wconf 87' lang='lat' dir='ltr'>peri·</span> <span class='ocrx_word' id='word_1_99' title='bbox 1250 1701 1284 1752; x_wconf 87' lang='lat'>10</span> 
     </span>
     <span class='ocr_line' id='line_1_12' title="bbox 111 1817 1229 1900; baseline -0.001 -20"><span class='ocrx_word' id='word_1_100' title='bbox 111 1817 181 1880; x_wconf 90' lang='lat' dir='ltr'>ouio</span> <span class='ocrx_word' id='word_1_101' title='bbox 198 1817 424 1899; x_wconf 89' lang='lat' dir='ltr'>mandauerim,</span> <span class='ocrx_word' id='word_1_102' title='bbox 448 1824 482 1882; x_wconf 86' lang='lat' dir='ltr'>ut</span> <span class='ocrx_word' id='word_1_103' title='bbox 503 1824 613 1882; x_wconf 89' lang='lat' dir='ltr'>contra</span> <span class='ocrx_word' id='word_1_104' title='bbox 630 1838 716 1882; x_wconf 89' lang='lat' dir='ltr'>reum</span> <span class='ocrx_word' id='word_1_105' title='bbox 730 1817 936 1900; x_wconf 80' lang='lat' dir='ltr'>principalem</span> <span class='ocrx_word' id='word_1_106' title='bbox 953 1817 1091 1880; x_wconf 90' lang='lat' dir='ltr'>Primum</span> <span class='ocrx_word' id='word_1_107' title='bbox 1108 1835 1229 1898; x_wconf 86' lang='lat' dir='ltr'>ageres.</span> 
     </span>
     <span class='ocr_line' id='line_1_13' title="bbox 110 1940 1229 2028; baseline 0 -24"><span class='ocrx_word' id='word_1_108' title='bbox 110 1961 184 2028; x_wconf 90' lang='lat' dir='ltr'>nam</span> <span class='ocrx_word' id='word_1_109' title='bbox 212 1947 245 2005; x_wconf 89' lang='lat' dir='ltr'>et</span> <span class='ocrx_word' id='word_1_110' title='bbox 272 1941 304 2005; x_wconf 94' lang='lat' dir='ltr'>id</span> <span class='ocrx_word' id='word_1_111' title='bbox 329 1942 405 2005; x_wconf 93' lang='lat' dir='ltr'>mihi</span> <span class='ocrx_word' id='word_1_112' title='bbox 425 1942 570 2025; x_wconf 87' lang='lat' dir='ltr'>prodest,</span> <span class='ocrx_word' id='word_1_113' title='bbox 599 1942 812 2006; x_wconf 89' lang='lat' dir='ltr'>imminentem</span> <span class='ocrx_word' id='word_1_114' title='bbox 839 1962 910 2006; x_wconf 94' lang='lat' dir='ltr'>cum</span> <span class='ocrx_word' id='word_1_115' title='bbox 937 1941 1034 2005; x_wconf 87' lang='lat' dir='ltr'>vitem</span> <span class='ocrx_word' id='word_1_116' title='bbox 1062 1940 1229 2022; x_wconf 86' lang='lat' dir='ltr'>actionem,</span> 
     </span>
     <span class='ocr_line' id='line_1_14' title="bbox 111 2065 1229 2150; baseline 0.001 -21"><span class='ocrx_word' id='word_1_117' title='bbox 111 2071 142 2129; x_wconf 89' lang='lat' dir='ltr'>et</span> <span class='ocrx_word' id='word_1_118' title='bbox 165 2065 225 2129; x_wconf 92' lang='lat' dir='ltr'>tibi</span> <span class='ocrx_word' id='word_1_119' title='bbox 246 2085 384 2146; x_wconf 91' lang='lat' dir='ltr'>quoque:</span> <span class='ocrx_word' id='word_1_120' title='bbox 409 2087 481 2130; x_wconf 89' lang='lat' dir='ltr'>nam</span> <span class='ocrx_word' id='word_1_121' title='bbox 506 2067 542 2148; x_wconf 91' lang='lat' dir='ltr'>si,</span> <span class='ocrx_word' id='word_1_122' title='bbox 567 2074 734 2149; x_wconf 89' lang='lat' dir='ltr'>postquam</span> <span class='ocrx_word' id='word_1_123' title='bbox 758 2087 827 2131; x_wconf 91' lang='lat' dir='ltr'>cum</span> <span class='ocrx_word' id='word_1_124' title='bbox 851 2085 906 2130; x_wconf 92' lang='lat' dir='ltr'>reo</span> <span class='ocrx_word' id='word_1_125' title='bbox 923 2065 1091 2150; x_wconf 90' lang='lat' dir='ltr'>principali</span> <span class='ocrx_word' id='word_1_126' title='bbox 1115 2065 1229 2148; x_wconf 89' lang='lat' dir='ltr'>egeris,</span> 
     </span>
     <span class='ocr_line' id='line_1_15' title="bbox 112 2188 1230 2278; baseline 0.004 -26"><span class='ocrx_word' id='word_1_127' title='bbox 112 2188 251 2254; x_wconf 88' lang='lat' dir='ltr'>debitum</span> <span class='ocrx_word' id='word_1_128' title='bbox 279 2211 342 2255; x_wconf 94' lang='lat' dir='ltr'>non</span> <span class='ocrx_word' id='word_1_129' title='bbox 370 2191 542 2275; x_wconf 75' lang='lat' dir='ltr'>receperiS,</span> <span class='ocrx_word' id='word_1_130' title='bbox 579 2198 689 2256; x_wconf 87' lang='lat' dir='ltr'>contra</span> <span class='ocrx_word' id='word_1_131' title='bbox 716 2212 766 2255; x_wconf 90' lang='lat' dir='ltr'>me</span> <span class='ocrx_word' id='word_1_132' title='bbox 793 2192 921 2274; x_wconf 86' lang='lat' dir='ltr'>regredi</span> <span class='ocrx_word' id='word_1_133' title='bbox 948 2191 1076 2275; x_wconf 87' lang='lat' dir='ltr'>poteris.</span> <span class='ocrx_word' id='word_1_134' title='bbox 1137 2190 1230 2278; x_wconf 85' lang='lat' dir='ltr'>[finge</span> 
     </span>
     <span class='ocr_line' id='line_1_16' title="bbox 112 2314 1283 2400; baseline -0.002 -23"><span class='ocrx_word' id='word_1_135' title='bbox 112 2314 194 2377; x_wconf 91' lang='lat' dir='ltr'>enim</span> <span class='ocrx_word' id='word_1_136' title='bbox 225 2315 458 2380; x_wconf 87' lang='lat' dir='ltr'>fideiussionem</span> <span class='ocrx_word' id='word_1_137' title='bbox 490 2317 607 2380; x_wconf 87' lang='lat' dir='ltr'>iactam</span> <span class='ocrx_word' id='word_1_138' title='bbox 636 2336 707 2380; x_wconf 89' lang='lat' dir='ltr'>esse</span> <span class='ocrx_word' id='word_1_139' title='bbox 735 2317 803 2380; x_wconf 88' lang='lat' dir='ltr'>sine</span> <span class='ocrx_word' id='word_1_140' title='bbox 830 2317 963 2400; x_wconf 85' lang='lat' dir='ltr'>pignore</span> <span class='ocrx_word' id='word_1_141' title='bbox 991 2321 1023 2380; x_wconf 87' lang='lat' dir='ltr'>et</span> <span class='ocrx_word' id='word_1_142' title='bbox 1049 2315 1230 2380; x_wconf 91' lang='lat' dir='ltr'>mandatum</span> <span class='ocrx_word' id='word_1_143' title='bbox 1251 2323 1283 2375; x_wconf 81' lang='lat'>15</span> 
     </span>
     <span class='ocr_line' id='line_1_17' title="bbox 111 2439 1231 2525; baseline 0.002 -23"><span class='ocrx_word' id='word_1_144' title='bbox 111 2457 180 2502; x_wconf 87' lang='lat' dir='ltr'>cnm</span> <span class='ocrx_word' id='word_1_145' title='bbox 197 2439 340 2522; x_wconf 90' lang='lat' dir='ltr'>pignore,</span> <span class='ocrx_word' id='word_1_146' title='bbox 363 2447 397 2504; x_wconf 87' lang='lat' dir='ltr'>ut</span> <span class='ocrx_word' id='word_1_147' title='bbox 413 2440 533 2521; x_wconf 90' lang='lat' dir='ltr'>aliquid</span> <span class='ocrx_word' id='word_1_148' title='bbox 548 2441 692 2506; x_wconf 86' lang='lat' dir='ltr'>utilitatis</span> <span class='ocrx_word' id='word_1_149' title='bbox 708 2441 826 2505; x_wconf 88' lang='lat' dir='ltr'>habeat</span> <span class='ocrx_word' id='word_1_150' title='bbox 841 2439 1044 2525; x_wconf 59' lang='lat' dir='ltr'>mandatum}</span> <span class='ocrx_word' id='word_1_151' title='bbox 1068 2441 1231 2504; x_wconf 88' lang='lat' dir='ltr'>autetiam</span> 
     </span>
     <span class='ocr_line' id='line_1_18' title="bbox 108 2565 1229 2648; baseline 0.004 -22"><span class='ocrx_word' id='word_1_152' title='bbox 108 2582 180 2627; x_wconf 90' lang='lat' dir='ltr'>cum</span> <span class='ocrx_word' id='word_1_153' title='bbox 203 2565 263 2630; x_wconf 90' lang='lat' dir='ltr'>tibi</span> <span class='ocrx_word' id='word_1_154' title='bbox 286 2572 409 2630; x_wconf 87' lang='lat' dir='ltr'>centum</span> <span class='ocrx_word' id='word_1_155' title='bbox 433 2586 548 2630; x_wconf 86' lang='lat' dir='ltr'>aureos</span> <span class='ocrx_word' id='word_1_156' title='bbox 565 2565 723 2647; x_wconf 88' lang='lat' dir='ltr'>deberem,</span> <span class='ocrx_word' id='word_1_157' title='bbox 748 2566 910 2646; x_wconf 89' lang='lat' dir='ltr'>uellesque</span> <span class='ocrx_word' id='word_1_158' title='bbox 926 2585 976 2630; x_wconf 90' lang='lat' dir='ltr'>me</span> <span class='ocrx_word' id='word_1_159' title='bbox 992 2565 1025 2628; x_wconf 94' lang='lat' dir='ltr'>in</span> <span class='ocrx_word' id='word_1_160' title='bbox 1041 2566 1089 2629; x_wconf 90' lang='lat' dir='ltr'>ius</span> <span class='ocrx_word' id='word_1_161' title='bbox 1105 2585 1229 2648; x_wconf 88' lang='lat' dir='ltr'>uocare,</span> 
     </span>
     <span class='ocr_line' id='line_1_19' title="bbox 111 2686 1229 2773; baseline 0.003 -22"><span class='ocrx_word' id='word_1_162' title='bbox 111 2686 260 2770; x_wconf 89' lang='lat' dir='ltr'>delegaui</span> <span class='ocrx_word' id='word_1_163' title='bbox 283 2689 340 2754; x_wconf 89' lang='lat' dir='ltr'>tibi</span> <span class='ocrx_word' id='word_1_164' title='bbox 361 2710 463 2754; x_wconf 91' lang='lat' dir='ltr'>meum</span> <span class='ocrx_word' id='word_1_165' title='bbox 487 2689 670 2772; x_wconf 85' lang='lat' dir='ltr'>debitorem,</span> <span class='ocrx_word' id='word_1_166' title='bbox 693 2689 905 2772; x_wconf 79' lang='lat' dir='ltr'>mundanique</span> <span class='ocrx_word' id='word_1_167' title='bbox 928 2689 986 2753; x_wconf 90' lang='lat' dir='ltr'>tibi</span> <span class='ocrx_word' id='word_1_168' title='bbox 1001 2709 1071 2754; x_wconf 91' lang='lat' dir='ltr'>meo</span> <span class='ocrx_word' id='word_1_169' title='bbox 1088 2690 1229 2773; x_wconf 89' lang='lat' dir='ltr'>periculo</span> 
     </span>
     <span class='ocr_line' id='line_1_20' title="bbox 108 2812 1230 2897; baseline 0.003 -22"><span class='ocrx_word' id='word_1_170' title='bbox 108 2812 152 2874; x_wconf 20' lang='lat' dir='ltr'>&#39;ab</span> <span class='ocrx_word' id='word_1_171' title='bbox 165 2832 203 2876; x_wconf 92' lang='lat' dir='ltr'>eo</span> <span class='ocrx_word' id='word_1_172' title='bbox 216 2813 370 2896; x_wconf 83' lang='lat' dir='ltr'>stipulari.</span> <span class='ocrx_word' id='word_1_173' title='bbox 405 2815 487 2878; x_wconf 87' lang='lat' dir='ltr'>forte</span> <span class='ocrx_word' id='word_1_174' title='bbox 500 2815 583 2878; x_wconf 92' lang='lat' dir='ltr'>enim</span> <span class='ocrx_word' id='word_1_175' title='bbox 594 2815 758 2878; x_wconf 87' lang='lat' dir='ltr'>ucrebaris</span> <span class='ocrx_word' id='word_1_176' title='bbox 770 2835 820 2896; x_wconf 90' lang='lat' dir='ltr'>ue,</span> <span class='ocrx_word' id='word_1_177' title='bbox 837 2821 1005 2897; x_wconf 89' lang='lat' dir='ltr'>postquam</span> <span class='ocrx_word' id='word_1_178' title='bbox 1021 2835 1041 2878; x_wconf 92' lang='lat' dir='ltr'>a</span> <span class='ocrx_word' id='word_1_179' title='bbox 1056 2833 1127 2878; x_wconf 92' lang='lat' dir='ltr'>meo</span> <span class='ocrx_word' id='word_1_180' title='bbox 1144 2814 1230 2878; x_wconf 90' lang='lat' dir='ltr'>debi-</span> 
     </span>
     <span class='ocr_line' id='line_1_21' title="bbox 112 2938 1284 3023; baseline 0.006 -25"><span class='ocrx_word' id='word_1_181' title='bbox 112 2940 178 3000; x_wconf 90' lang='lat' dir='ltr'>tore</span> <span class='ocrx_word' id='word_1_182' title='bbox 201 2938 300 3002; x_wconf 87' lang='lat' dir='ltr'>fueris</span> <span class='ocrx_word' id='word_1_183' title='bbox 324 2939 505 3022; x_wconf 86' lang='lat' dir='ltr'>stipulatus,</span> <span class='ocrx_word' id='word_1_184' title='bbox 535 2939 686 3003; x_wconf 87' lang='lat' dir='ltr'>creditum</span> <span class='ocrx_word' id='word_1_185' title='bbox 709 2939 873 3023; x_wconf 90' lang='lat' dir='ltr'>perderes,</span> <span class='ocrx_word' id='word_1_186' title='bbox 903 2959 972 3004; x_wconf 88' lang='lat' dir='ltr'>oum</span> <span class='ocrx_word' id='word_1_187' title='bbox 999 2959 1102 3021; x_wconf 92' lang='lat' dir='ltr'>neque</span> <span class='ocrx_word' id='word_1_188' title='bbox 1126 2940 1166 3004; x_wconf 87' lang='lat' dir='ltr'>ab</span> <span class='ocrx_word' id='word_1_189' title='bbox 1191 2961 1229 3005; x_wconf 94' lang='lat' dir='ltr'>eo</span> <span class='ocrx_word' id='word_1_190' title='bbox 1250 2945 1284 2996; x_wconf 82' lang='lat'>20</span> 
     </span>
     <span class='ocr_line' id='line_1_22' title="bbox 113 3061 1232 3148; baseline 0.004 -23"><span class='ocrx_word' id='word_1_191' title='bbox 113 3061 231 3142; x_wconf 84' lang='lat' dir='ltr'>aliquid</span> <span class='ocrx_word' id='word_1_192' title='bbox 253 3069 384 3146; x_wconf 88' lang='lat' dir='ltr'>propter</span> <span class='ocrx_word' id='word_1_193' title='bbox 408 3064 475 3128; x_wconf 92' lang='lat' dir='ltr'>eius</span> <span class='ocrx_word' id='word_1_194' title='bbox 498 3063 638 3147; x_wconf 90' lang='lat' dir='ltr'>inopiam</span> <span class='ocrx_word' id='word_1_195' title='bbox 662 3065 813 3146; x_wconf 90' lang='lat' dir='ltr'>consequi</span> <span class='ocrx_word' id='word_1_196' title='bbox 836 3084 961 3148; x_wconf 88' lang='lat' dir='ltr'>posses,</span> <span class='ocrx_word' id='word_1_197' title='bbox 990 3085 1092 3145; x_wconf 90' lang='lat' dir='ltr'>neque</span> <span class='ocrx_word' id='word_1_198' title='bbox 1121 3071 1232 3129; x_wconf 87' lang='lat' dir='ltr'>contra</span> 
     </span>
     <span class='ocr_line' id='line_1_23' title="bbox 112 3188 1231 3270; baseline 0.003 -20"><span class='ocrx_word' id='word_1_199' title='bbox 112 3206 162 3251; x_wconf 88' lang='lat' dir='ltr'>me</span> <span class='ocrx_word' id='word_1_200' title='bbox 184 3188 324 3270; x_wconf 87' lang='lat' dir='ltr'>regredi,</span> <span class='ocrx_word' id='word_1_201' title='bbox 354 3209 423 3254; x_wconf 93' lang='lat' dir='ltr'>cum</span> <span class='ocrx_word' id='word_1_202' title='bbox 447 3209 549 3254; x_wconf 92' lang='lat' dir='ltr'>essem</span> <span class='ocrx_word' id='word_1_203' title='bbox 577 3190 747 3254; x_wconf 90' lang='lat' dir='ltr'>nouatione</span> <span class='ocrx_word' id='word_1_204' title='bbox 770 3189 931 3254; x_wconf 87' lang='lat' dir='ltr'>liberatus.</span> <span class='ocrx_word' id='word_1_205' title='bbox 977 3210 1051 3253; x_wconf 92' lang='lat' dir='ltr'>nam</span> <span class='ocrx_word' id='word_1_206' title='bbox 1079 3190 1175 3254; x_wconf 87' lang='lat' dir='ltr'>etiam</span> <span class='ocrx_word' id='word_1_207' title='bbox 1197 3191 1231 3254; x_wconf 93' lang='lat' dir='ltr'>in</span> 
     </span>
     <span class='ocr_line' id='line_1_24' title="bbox 112 3307 1249 3398; baseline 0.005 -24"><span class='ocrx_word' id='word_1_208' title='bbox 112 3310 172 3376; x_wconf 90' lang='lat' dir='ltr'>hac</span> <span class='ocrx_word' id='word_1_209' title='bbox 195 3313 301 3395; x_wconf 90' lang='lat' dir='ltr'>specie</span> <span class='ocrx_word' id='word_1_210' title='bbox 324 3313 448 3396; x_wconf 79' lang='lat' dir='ltr'>utrique</span> <span class='ocrx_word' id='word_1_211' title='bbox 471 3313 821 3398; x_wconf 83' lang='lat' dir='ltr'>mandatumprodcst:</span> <span class='ocrx_word' id='word_1_212' title='bbox 845 3315 921 3378; x_wconf 94' lang='lat' dir='ltr'>mihi</span> <span class='ocrx_word' id='word_1_213' title='bbox 945 3314 1080 3395; x_wconf 92' lang='lat' dir='ltr'>quidem,</span> <span class='ocrx_word' id='word_1_214' title='bbox 1105 3334 1175 3379; x_wconf 93' lang='lat' dir='ltr'>cum</span> <span class='ocrx_word' id='word_1_215' title='bbox 1198 3307 1249 3380; x_wconf 59' lang='lat' dir='ltr'>in&#39;</span> 
     </span>
     <span class='ocr_line' id='line_1_25' title="bbox 109 3438 1347 3521; baseline 0.005 -22"><span class='ocrx_word' id='word_1_216' title='bbox 109 3455 261 3515; x_wconf 84' lang='lat' dir='ltr'>praesens</span> <span class='ocrx_word' id='word_1_217' title='bbox 277 3438 391 3502; x_wconf 89' lang='lat' dir='ltr'>saltem</span> <span class='ocrx_word' id='word_1_218' title='bbox 407 3439 475 3503; x_wconf 89' lang='lat' dir='ltr'>sine</span> <span class='ocrx_word' id='word_1_219' title='bbox 490 3439 636 3503; x_wconf 86' lang='lat' dir='ltr'>molestia</span> <span class='ocrx_word' id='word_1_220' title='bbox 651 3459 805 3520; x_wconf 90' lang='lat' dir='ltr'>maneam,</span> <span class='ocrx_word' id='word_1_221' title='bbox 828 3439 887 3503; x_wconf 87' lang='lat' dir='ltr'>tibi</span> <span class='ocrx_word' id='word_1_222' title='bbox 902 3459 989 3521; x_wconf 91' lang='lat' dir='ltr'>uero,</span> <span class='ocrx_word' id='word_1_223' title='bbox 1014 3460 1084 3504; x_wconf 88' lang='lat' dir='ltr'>cum</span> <span class='ocrx_word' id='word_1_224' title='bbox 1100 3446 1131 3504; x_wconf 87' lang='lat' dir='ltr'>et</span> <span class='ocrx_word' id='word_1_225' title='bbox 1142 3459 1231 3504; x_wconf 93' lang='lat' dir='ltr'>meus</span> <span class='ocrx_word' id='word_1_226' title='bbox 1345 3491 1347 3496; x_wconf 87' lang='lat'><em>.</em></span> 
     </span>
     <span class='ocr_line' id='line_1_26' title="bbox 109 3558 1284 3647; baseline 0.005 -25"><span class='ocrx_word' id='word_1_227' title='bbox 109 3558 236 3627; x_wconf 88' lang='lat' dir='ltr'>debitor</span> <span class='ocrx_word' id='word_1_228' title='bbox 259 3582 299 3627; x_wconf 85' lang='lat' dir='ltr'>ex</span> <span class='ocrx_word' id='word_1_229' title='bbox 322 3563 473 3647; x_wconf 89' lang='lat' dir='ltr'>stipulatu</span> <span class='ocrx_word' id='word_1_230' title='bbox 493 3564 553 3628; x_wconf 85' lang='lat' dir='ltr'>tibi</span> <span class='ocrx_word' id='word_1_231' title='bbox 575 3569 733 3647; x_wconf 80' lang='lat' dir='ltr'>teneatur3</span> <span class='ocrx_word' id='word_1_232' title='bbox 763 3569 794 3627; x_wconf 92' lang='lat' dir='ltr'>et</span> <span class='ocrx_word' id='word_1_233' title='bbox 816 3584 938 3628; x_wconf 90' lang='lat' dir='ltr'>mecum</span> <span class='ocrx_word' id='word_1_234' title='bbox 965 3564 1107 3628; x_wconf 90' lang='lat' dir='ltr'>mandati</span> <span class='ocrx_word' id='word_1_235' title='bbox 1134 3584 1231 3646; x_wconf 88' lang='lat' dir='ltr'>agere</span> <span class='ocrx_word' id='word_1_236' title='bbox 1250 3569 1284 3620; x_wconf 83' lang='lat'>25</span> 
     </span>
    </p>
   </div>
   <div class='ocr_carea' id='block_1_5' title="bbox 0 0 1595 5338">
    <p class='ocr_par' dir='ltr' id='par_1_5' title="bbox 0 0 1595 5338">
     <span class='ocr_line' id='line_1_27' title="bbox 0 0 1595 5338; baseline 0 0"><span class='ocrx_word' id='word_1_237' title='bbox 0 0 1595 5338; x_wconf 95' lang='lat' dir='ltr'> </span> 
     </span>
    </p>
   </div>
  </div>
 </body>
</html>
