3298 5322
571 299 811 362 —412-

131 476 265 553 1100100,
293 471 368 536 lieet
390 473 552 554 utriusque
579 473 678 556 partis
703 493 887 540 eonsensum
910 496 974 540 non
1001 477 1152 559 requirat,
1180 478 1249 543 iure

131 601 238 660 tamen
261 595 329 660 fieri
352 597 554 679 permittitur3
579 604 613 661 ut
637 598 732 663 estin
747 599 943 680 negotiorum
960 606 1118 682 gestorum
1143 621 1252 666 eausa..

132 740 215 801 quae
238 720 318 785 ratio
342 721 392 786 hio
416 728 533 803 oessat;
558 722 646 786 nulla
669 723 752 787 enim
775 723 871 787 iudioi
894 724 1023 788 lieentia
1039 724 1131 788 datur
1146 732 1249 790 utram

131 851 254 927 partem
283 846 361 910 uelit
387 846 502 912 iniuria
529 847 704 911 adficiendi.
752 855 800 912 001
833 868 935 928 00000
971 849 1153 915 delictum
1186 857 1247 916 est:

129 989 354 1051 nonnunquam
378 971 459 1035 enim
487 971 568 1036 forte
591 991 648 1054 per
675 972 931 1054 imprudentiam,
960 992 1024 1037 nou
1052 974 1124 1038 dolo
1152 976 1247 1058 malo,
1285 991 1305 1041 5-

129 1095 164 1158 id
191 1093 273 1159 feeit.
321 1102 369 1160 set
403 1096 551 1178 quoniam
586 1096 705 1177 aliquid
739 1097 835 1161 iudex
867 1098 1023 1180 peoeauit,
1059 1099 1169 1178 quasi
1204 1120 1249 1164 ex

130 1219 275 1284 delioto
308 1220 472 1286 tenebitur.
521 1227 552 1284 et
579 1221 611 1286 in
638 1228 760 1286 tantum
788 1221 1061 1305 condemnabitur,
1098 1229 1248 1304 quantum

128 1345 256 1427 parebit
279 1345 323 1425 ei,
349 1345 402 1425 qui
425 1345 506 1409 inter
528 1365 598 1409 eum
623 1350 654 1410 01
676 1345 778 1428 illum,
804 1347 857 1427 qui
880 1347 1025 1410 iniuriam
1053 1368 1166 1430 passus
1191 1354 1246 1430 est,

129 1470 308 1552 cognoscit,
334 1490 404 1534 eum
427 1490 549 1553 poenae
573 1471 697 1535 nomine
722 1471 798 1535 dare
823 1477 976 1554 oportere.
1022 1492 1095 1535 nam
1120 1471 1163 1554 01,
1193 1479 1248 1554 qul

93 1594 237 1658 1100000
262 1602 318 1674 001,
343 1595 375 1658 10
398 1593 516 1658 fautum
541 1595 623 1658 aetio
649 1595 804 1678 oompetit.
842 1587 868 1661 1'.
892 1595 952 1659 1110
975 1616 1099 1677 quoque
1124 1597 1305 1678 000010010Ι

129 1719 223 1798 quasi
246 1719 288 1782 ad
309 1719 456 1784 deliotum
471 1720 614 1785 refertur.
647 1721 680 1784 in
704 1721 835 1784 aedibus
852 1721 1039 1801 quibusdam
1054 1721 1246 1804 habitabam,

128 1864 263 1924 quarum
287 1843 367 1908 forte
391 1844 534 1908 dominus
563 1864 663 1926 eram,
693 1851 748 1908 aut
770 1865 849 1926 quas
873 1845 1044 1910 conductas
1072 1846 1124 1909 001
1147 1845 1246 1928 gratis

127 1968 301 2050 habebam,
327 1968 440 2032 deieeit
462 1968 530 2048 quis
547 1988 586 2032 ex
603 1969 648 2032 eis
664 1968 802 2051 lapidem
819 1975 873 2033 aut
888 1969 1037 2053 tegulam,
1062 1969 1114 2033 uel
1137 1969 1247 2034 effudit

129 2112 256 2174 aquam,
280 2093 325 2156 ita
349 2099 382 2156 ut
406 2092 519 2172 aliquis
543 2093 699 2156 transiens
722 2100 900 2175 noneretm;
925 2093 958 2157 in
980 2094 1098 2158 fautum
1122 2094 1245 2159 actione

128 2218 269 2281 tenebor.
315 2216 387 2281 ideo
423 2221 528 2281 autem
563 2235 626 2280 non
659 2217 787 2300 proprie
823 2217 970 2281 delietum
1004 2218 1037 2281 id
1072 2224 1135 2300 est,
1171 2218 1246 2298 quia
1266 2228 1303 2280 10

128 2341 314 2424 plerumque
338 2342 377 2405 ob
402 2341 532 2405 alterius
556 2342 690 2424 eulpam,
715 2343 799 2406 serui
821 2342 902 2406 forte
927 2347 982 2405 aut
1004 2342 1096 2407 liberi
1111 2343 1245 2406 hominis

128 2485 252 2530 meeum
275 2465 456 2539 habitantia,
481 2465 535 2545 qui
558 2465 591 2529 id
614 2465 717 2547 fuerit,
741 2472 859 2530 teneor.
907 2466 957 2530 001
972 2466 1091 2548 0000101
1107 2486 1146 2529 00
1169 2485 1245 2548 quo·

129 2610 191 2670 que
208 2589 318 2654 similis
334 2595 390 2654 est.
421 2591 453 2652 in
468 2590 516 2653 his
534 2589 667 2654 aedibus
684 2609 743 2672 ego
760 2589 959 2670 habitabam,
979 2609 1070 2654 meae
1086 2590 1244 2654 fenestrae

127 2715 231 2779 loeum
254 2714 414 2797 publicum
437 2714 682 2797 prospiciebant,
706 2734 764 2796 per
787 2733 879 2794 quem
903 2713 1034 2777 ouiliber
1056 2713 1116 2777 iter
1138 2715 1244 2778 taoere

127 2841 254 2904 licebat.
292 2839 325 2902 in
343 2858 415 2902 mea
430 2839 569 2903 fenestra
584 2838 720 2921 positum
738 2837 951 2919 aliquidaut,
977 2843 1031 2901 aut
1047 2857 1243 2920 suspensum,
1264 2850 1298 2901 20

128 2963 215 3046 quod
254 2969 392 3046 poterat,
433 2963 460 3026 si
488 2963 630 3045 caderet,
666 2963 841 3027 transeunti
880 2962 975 3027 011001
1013 2981 1142 3044 nooere3
1183 2983 1243 3044 quo

128 3108 206 3152 0000
233 3087 265 3150 Χ·
289 3108 456 3152 aureorum
490 3083 594 3170 poena
627 3093 675 3151 est
713 3087 896 3168 constituta,
937 3087 1098 3170 superiore
1138 3093 1243 3150 autem

127 3233 220 3294 easu,
251 3232 321 3276 oum
349 3212 470 3294 aliquid
498 3212 652 3277 deiectum
681 3212 853 3276 effusumue
881 3211 921 3275 sit
947 3231 1052 3294 poena
1075 3211 1162 3294 dupli
1185 3218 1242 3292 est,

127 3337 238 3417 quanti
262 3337 357 3401 011001
380 3337 528 3400 damnum
552 3336 658 3400 datum
682 3341 737 3400 est.
784 3337 811 3400 si
834 3336 915 3400 liber
937 3335 1029 3400 horno
1054 3336 1086 3399 in
1109 3335 1243 3399 transitu

127 3461 252 3526 ooeisus
276 3461 325 3542 sit,
349 3461 381 3524 in
405 3461 431 3524 L
455 3480 568 3524 aureos
593 3460 810 3524 condemnatio
833 3459 901 3524 fiet:
927 3459 954 3524 si
977 3479 1052 3524 uero
1073 3437 1170 3540 uiuat,
1195 3463 1295 3522 00120

125 3585 264 3649 nooitum
289 3585 329 3650 sit
353 3585 392 3666 01,
417 3585 585 3649 intantum
608 3585 645 3666 is,
671 3584 724 3664 qui
740 3585 773 3648 in
789 3584 921 3648 aedibus
941 3584 1072 3665 habitat,
1098 3583 1243 3648 eondem-

125 3710 268 3792 rabitur,
293 3729 333 3774 ex
357 3711 470 3792 quibus
493 3710 526 3774 id
548 3711 666 3774 laetum
691 3710 744 3791 sit,
773 3710 806 3774 in
830 3715 979 3790 quantum
1003 3729 1074 3773 eum
1098 3708 1242 3772 sondem-

124 3835 265 3899 nandum
289 3854 359 3898 esse
382 3835 477 3898 iudex
500 3834 697 3899 intellexerit.
732 3834 827 3899 iudex
843 3835 925 3899 onim
942 3839 1124 3930 computare
1148 3833 1242 3897 debet

123 3959 289 4024 mercedes
323 3959 453 4024 medicis
487 3959 657 4042 praestitas
692 3965 859 4040 ceteraque
890 3959 1063 4042 impendia,
1097 3977 1179 4040 quae
1208 3957 1241 4020 in
