3384 5314
613 421 851 490 —488-

175 599 294 677 tructus
317 600 412 664 medii
434 601 592 684 temporis
616 623 636 665 a
658 601 722 666 litis
746 621 858 684 nempe
882 602 1110 667 contestatione
1134 605 1291 684 usquead

175 724 467 790 condemnationem
494 745 567 790 reus
596 727 705 792 soluet.
757 727 806 791 sin
834 732 938 792 autem
967 727 1065 810 dicat,
1096 749 1159 793 non
1186 735 1290 793 tamen

175 847 386 914 frustrationis
409 870 516 932 causa,
541 871 575 918 se
596 851 806 935 inpraesenti
827 872 893 916 rem
913 858 1076 936 praestare
1099 873 1162 917 non
1185 874 1289 937 posse,

176 973 249 1054 quia
272 975 353 1040 forte
376 995 428 1040 res
451 976 528 1040 alibi
551 976 740 1058 inueniatur,
764 984 887 1059 tempus
907 977 949 1042 ad
970 978 1196 1043 restituendam
1219 999 1289 1044 eam

174 1099 313 1182 habehit,
339 1101 367 1166 si
389 1101 483 1166 modo
507 1102 607 1167 actori
623 1107 745 1186 causat,
771 1122 805 1168 se
820 1121 886 1166 rem
909 1102 1131 1168 restitutumm.
1171 1104 1198 1198 si
1214 1123 1289 1170 uero
1327 1117 1341 1166 o

174 1243 237 1288 non
264 1225 430 1291 confestim
459 1226 576 1292 iussum
608 1227 720 1292 iudicis
751 1233 876 1293 secutus
904 1247 970 1292 rem
997 1228 1155 1310 restituat,
1186 1248 1289 1310 neque

174 1355 288 1414 caueat
314 1370 348 1414 se
378 1350 604 1428 restituturum,
638 1356 751 1435 postea
776 1352 856 1416 tanti
879 1352 1151 1434 condemnabitur,
1180 1353 1289 1433 quanti

137 1486 161 1538 4.
173 1474 272 1538 actori
295 1475 471 1541 interfuerit
494 1476 558 1541 litis
575 1483 770 1542 contestatae
794 1483 934 1561 tempore
958 1497 1023 1542 rem
1042 1477 1171 1542 restitui.
1207 1483 1236 1543 4.
1254 1478 1289 1542 Si

172 1599 342 1664 familiae
366 1601 618 1666 erciscundae
642 1601 757 1666 iudicio
782 1607 904 1684 agatur,
936 1601 1070 1665 officium
1094 1601 1153 1666 erit
1175 1601 1287 1666 iudicis

171 1723 313 1805 singulas
336 1723 475 1808 integras
505 1746 556 1791 res
587 1726 719 1809 singulis
750 1725 917 1790 heredibus
951 1725 1141 1791 adiudicare.
1199 1732 1231 1791 et
1259 1727 1287 1791 si
1308 1739 1341 1790 10

171 1849 299 1914 maioris
315 1850 409 1934 pretii
424 1851 457 1915 id
473 1851 522 1932 sit,
541 1851 624 1932 quod
636 1851 690 1916 uni
702 1851 851 1916 heredum
863 1851 957 1916 fuerit
970 1851 1192 1934 adiudicatum,
1206 1852 1287 1918 hunc

171 1973 318 2039 coheredi
334 1995 401 2057 suo,
426 1976 518 2041 sicuti
536 1976 569 2040 in
584 1976 798 2060 superioribus
814 1976 1007 2060 propositum
1032 1982 1089 2057 est,
1113 1977 1146 2041 in
1169 1985 1285 2042 certam

171 2099 323 2181 pecuniae
347 2101 552 2180 quantitatem
576 2101 771 2181 condemnet,
796 2107 830 2165 ut
849 2101 961 2166 eadem
980 2101 1103 2183 utrique
1127 2102 1285 2182 quantitas

171 2229 321 2288 seruetur.
352 2230 386 2288 ut
402 2244 476 2290 ecce
491 2225 596 2290 Primo
612 2245 679 2290 rem
690 2225 722 2288 M
738 2245 903 2290 aureorum
921 2225 1123 2308 adiudicauit,
1141 2227 1284 2291 Secundo

170 2367 235 2412 rem
259 2347 366 2413 DCCC
390 2370 571 2414 aureorum:
595 2349 733 2414 Primum
749 2350 893 2415 Secundo
914 2351 946 2414 in
963 2349 987 2414 C
1003 2370 1117 2415 aureos
1141 2352 1285 2416 condem·
1307 2365 1337 2416 15

169 2493 246 2537 nore
270 2473 373 2554 debet,
398 2479 432 2538 ut
447 2474 563 2538 haheat
578 2481 709 2555 uterque
726 2494 839 2539 aureos
855 2473 998 2539 DCCCC,
1033 2481 1065 2539 et
1088 2475 1115 2539 si
1135 2476 1284 2540 heredum

170 2597 296 2678 quidam
328 2598 414 2662 solus
443 2598 652 2662 communium
679 2619 784 2664 rerum
811 2598 931 2663 fructus
959 2599 1148 2683 perceperit,
1176 2621 1283 2666 remus

169 2722 390 2788 hereditariam
414 2722 587 2806 corruperit
610 2724 662 2788 uel
685 2723 914 2808 consumpserit
929 2723 1018 2804 (quid
1035 2723 1117 2788 enim
1134 2723 1161 2787 si
1177 2725 1282 2788 uinum

168 2846 274 2929 fuerit,
301 2847 395 2927 idque
426 2848 604 2932 ebiberitit,
636 2849 745 2912 horum
776 2868 901 2930 quoque
929 2849 1054 2913 nomine
1083 2869 1183 2929 aeque
1211 2870 1282 2914 eum

168 2970 277 3036 heredi
300 2973 493 3038 condemnet.
539 2971 629 3049 Quae
652 2995 714 3038 non
738 2974 838 3038 solum
866 2974 892 3037 si
921 2974 983 3038 duo
1012 2974 1182 3038 coheredes
1210 2975 1281 3056 sint,
1302 2987 1336 3038 20

134 3102 217 3160 sset
244 3095 339 3160 etiam
367 3097 394 3162 si
421 3097 541 3182 plures,
571 3098 788 3162 interueniunt.
834 3103 863 3164 5.
886 3098 1006 3162 Eadem
1034 3099 1172 3163 dicemus
1201 3105 1232 3164 et
1255 3099 1282 3164 si

168 3222 353 3286 communi
377 3221 590 3286 diuidundo
615 3223 653 3286 de
677 3223 818 3306 pluribus
842 3225 936 3288 rebus
965 3224 1178 3288 communibus
1202 3223 1283 3288 inter

168 3344 273 3429 plures
305 3345 481 3412 diuidendis
517 3354 638 3430 agatur.
685 3348 768 3428 quod
796 3348 823 3412 si
847 3348 886 3413 de
909 3369 972 3413 una
995 3369 1044 3429 re,
1079 3349 1171 3413 sicuti
1192 3369 1280 3432 egr.

219 4291 311 4348 Theoph.
326 4293 437 4332 Antrum.
452 4304 493 4334 roc.
509 4293 595 4335 Fertini.
