3370 5350
579 415 726 480 -282
774 453 812 466 -

139 609 198 681 tae,
214 601 375 668 dimidiam
391 603 515 684 quidem
531 611 650 685 partam
666 612 805 683 matrem,
821 603 950 670 alteram
967 622 1041 669 uero
1056 610 1154 670 totam
1169 603 1257 670 dimi·

140 721 220 786 diam
232 731 352 804 partem
365 741 488 790 sorores
503 723 664 804 accipiant.
688 731 723 788 ut
738 743 825 790 ecce:
842 731 983 791 mortuus
999 732 1048 790 est
1062 725 1142 805 quir,
1154 731 1253 789 matre

137 851 272 920 extante,
295 842 474 909 extantibus
496 852 528 908 et
550 840 582 906 11
604 843 654 910 uel
676 841 723 910 111
751 843 925 922 sororibus,
954 843 1114 910 semissem
1143 852 1252 920 mater,

139 961 295 1027 semissem
318 969 421 1028 autem
445 981 551 1028 omues
570 962 723 1044 accipient
744 979 876 1028 sorores.
919 962 946 1026 si
974 981 1050 1028 uero
1075 961 1173 1028 irater
1200 947 1252 1028 de·

139 1079 241 1146 iuncto
264 1081 306 1145 sit
328 1081 378 1146 uel
401 1083 494 1147 etiam
517 1099 615 1155 soror,
638 1099 694 1147 seu
715 1081 829 1148 iratres
856 1079 948 1148 simul
970 1099 1007 1148 ac
1036 1098 1175 1153 sorores,
1204 1099 1253 1148 co·
1286 1083 1303 1134 ὅ

138 1200 290 1280 gnatiouis
312 1218 367 1265 seu
382 1201 577 1282 adgnationis
593 1201 660 1265 iura
675 1200 930 1282 praeseferentes,
953 1200 985 1264 in
1008 1199 1112 1282 capita
1133 1199 1253 1265 diuida-

138 1327 187 1384 tur
207 1319 377 1385 hereditas.
422 1322 528 1401 imque
550 1321 647 1386 fratre
670 1339 730 1386 non
753 1329 895 1400 extante,
926 1329 1028 1385 mater
1053 1321 1177 1386 omnino
1207 1321 1252 1384 di·
1291 1313 1295 1322 “

138 1436 263 1503 midium
293 1437 441 1520 accipiet,
469 1457 592 1506 sorores
624 1458 698 1504 uero
728 1447 882 1522 quotquot
910 1439 1043 1519 denique
1069 1438 1133 1504 sint
1160 1439 1251 1505 unius

137 1567 253 1636 partem
278 1557 444 1640 accipiant:
467 1557 563 1624 fratre
584 1569 689 1624 autem
712 1557 891 1640 superstite,
914 1576 976 1625 nou
991 1559 1123 1639 amplius
1144 1557 1251 1640 plures

138 1692 257 1740 sorores
274 1675 368 1742 unius
383 1677 568 1758 optinebunt
584 1677 693 1745 locum.
717 1679 746 1741 6.
770 1677 1036 1758 Quemadmodum
1058 1685 1165 1744 autem
1187 1682 1302 1744 mat-1⁰

136 1797 188 1858 tris
203 1813 315 1860 curam
330 1798 429 1877 gessit
444 1797 656 1863 sanctissimus
671 1797 842 1880 imperator
857 1805 972 1874 noster,
988 1797 1032 1861 ita
1047 1797 1138 1860 iussit
1152 1804 1184 1862 et
1206 1797 1253 1879 ip-
1303 1823 1308 1832 ⁴

137 1931 198 1977 sam
210 1934 290 1980 suae
300 1915 400 1981 suboli
413 1918 583 1982 consulere.
606 1915 758 2000 praecipit
769 1917 851 1982 enim
865 1916 1026 1994 matribus,
1038 1915 1250 1998 impuberibus

136 2029 201 2096 iliis
224 2035 405 2100 extantibus
428 2044 459 2100 at
481 2041 586 2100 tutore
611 2035 805 2114 carentibus,
835 2054 906 2102 cum
936 2035 985 2100 uel
1012 2040 1098 2100 tutor
1126 2035 1249 2101 omuino

136 2152 173 2214 ab
187 2152 276 2216 initio
293 2171 353 2217 non
371 2151 517 2229 extiterit,
541 2153 706 2220 calfactus
722 2163 888 2220 excusetur
902 2155 952 2220 uel
967 2162 1002 2219 ut
1017 2161 1180 2236 suspectus
1202 2173 1250 2219 re·

136 2278 307 2350 moueatur,
329 2280 465 2338 tutorem
487 2283 594 2355 petere
615 2293 716 2356 neque
739 2293 793 2340 eos
808 2275 875 2339 sine
890 2293 966 2340 cura
981 2274 1165 2354 relinquare.
1186 2279 1248 2338 sta·
1268 2284 1299 2336 ln

135 2388 193 2454 tuit
214 2399 322 2457 autern
344 2392 492 2474 temporis
513 2393 648 2475 spatium
669 2394 754 2459 intra
775 2394 858 2474 quod
885 2391 958 2459 filiis
980 2401 1116 2460 tutorem
1141 2397 1248 2474 petere

136 2509 270 2589 possint,
301 2510 358 2576 hoo
387 2522 436 2576 ast
464 2529 589 2576 annum.
640 2512 668 2578 si
698 2531 772 2578 uero
802 2512 991 2594 neglexerint
1021 2517 1137 2577 matres
1161 2511 1248 2575 intra

135 2647 244 2693 annom
269 2636 406 2695 tutorem
428 2631 552 2712 pupillis
576 2639 698 2712 petere,
720 2631 751 2696 hi
780 2641 885 2697 autem
907 2630 1085 2713 impuberes
1107 2630 1247 2695 decesse-

136 2749 201 2827 rint,
224 2751 263 2814 iis
288 2757 404 2815 matres
427 2751 551 2814 minime
573 2750 748 2816 succedent.
793 2749 963 2816 absurdum
985 2755 1035 2816 est
1062 2749 1144 2815 enim
1165 2765 1246 2832 quae

104 2883 119 2936 r.
134 2866 224 2934 lilium
234 2870 304 2934 sinc
315 2868 430 2934 anxilio
440 2868 610 2952 reliquerit,
622 2888 689 2935 eam
701 2869 840 2936 eiusdem
850 2870 912 2936 lrui
922 2868 1126 2937 successione.
1141 2867 1171 2931 7.
1186 2865 1248 2934 Vo·
1263 2876 1299 2931 uo

134 2999 217 3054 catur
238 2999 346 3056 autem
369 2999 469 3056 mater
490 3009 516 3054 s.
532 3009 557 3057 c.
574 2991 763 3056 Tertulliano
784 2992 825 3056 ad
846 2989 979 3057 filiorum
1002 2992 1082 3057 bona
1103 2987 1197 3055 eliam
1218 2986 1247 3053 si

134 3107 223 3190 uulgo
246 3109 425 3192 quaesitum
448 3110 626 3176 defunctum
649 3111 793 3177 babuerit
813 3109 921 3176 filium.
