3384 5314
637 377 877 441 -480—

199 573 305 616 rursus
329 553 361 616 in
385 552 497 618 eadem
521 553 592 616 looa
609 553 825 618 eonoedamus.
861 553 965 618 animo
981 559 1087 618 autern
1104 554 1171 618 solo
1193 573 1315 636 posses-

199 678 319 742 sionem
348 678 481 760 adipisci
508 697 572 741 non
599 698 775 761 possumus,
825 685 860 742 ut
887 698 961 743 eooe
988 677 1120 762 praedia
1147 678 1315 742 uendidisti

199 803 274 866 mihi
308 803 340 866 in
375 803 511 884 quadarn
546 803 709 886 prouincia
741 803 817 868 sita:
846 823 885 867 ea
912 803 988 867 mihi
1021 803 1145 867 tradere
1174 802 1314 868 uolebas.

198 949 300 1009 neque
325 948 384 1011 ego
408 949 537 1012 possum
560 929 630 992 loeo
654 929 710 992 illa
734 929 892 1012 aooipere,
917 949 1019 1008 neque
1044 927 1180 1008 aliquem
1204 948 1314 1011 aooep-

198 1061 300 1118 turum
327 1054 459 1118 mittere.
509 1072 611 1133 neque
640 1053 722 1116 enim
751 1053 808 1116 tibi
836 1053 940 1118 dicere
968 1073 1111 1136 possum:
1142 1053 1314 1117 »diso—ede
1353 1065 1367 1113 ἴ)

199 1201 218 1242 a
241 1179 426 1262 praediis,
451 1178 607 1243 eaenim
632 1198 701 1259 ego
726 1178 850 1242 animo
875 1178 1092 1261 possidem:
1109 1172 1214 1242 'animo
1232 1179 1313 1243 enim

197 1309 317 1368 tantum
345 1304 578 1386 possessionem
607 1303 740 1385 adipisci
768 1323 831 1366 non
858 1322 1033 1385 possumus
1083 1303 1315 1385 possessionem

198 1436 301 1492 autem
318 1448 450 1511 eorpore
467 1428 542 1491 mihi
558 1428 704 1492 traditam
722 1427 825 1490 animo
850 1447 978 1492 seruare
1001 1447 1137 1510 possum.
1188 1428 1315 1508 quinam

198 1559 301 1617 autem
326 1554 399 1635 sint,
427 1573 484 1636 per
507 1573 586 1634 quos
609 1552 685 1616 mihi
709 1552 868 1636 possessio
895 1553 1092 1633 adquiratur,
1121 1552 1153 1615 in
1177 1552 1315 1617 secunda

163 1679 394 1744 alnstitutione
429 1677 552 1761 plenius
588 1677 730 1742 diximus.
786 1682 815 1744 6.
840 1677 1131 1760 Reoiperandae
1163 1685 1369 1760 posses-10

198 1805 317 1868 sionis
354 1824 451 1867 eausa
483 1807 697 1886 eomparatum
732 1808 779 1866 est
811 1801 1009 1866 interdiotum
1039 1803 1145 1866 ‘unde
1174 1801 1229 1866 ui’.
1288 1803 1315 1866 si

198 1926 279 1992 onim
309 1929 377 2008 quis
407 1947 455 1992 me
480 1927 512 1992 ui
535 1947 552 1991 e
577 1927 674 1992 fundo
703 1946 773 1991 meo
802 1928 854 1990 uel
883 1927 1015 1992 aedibus
1042 1927 1120 1992 meis
1149 1927 1314 2011 expulerit,

198 2071 235 2116 eo
258 2052 423 2117 interdicto
451 2053 527 2116 mihi
555 2072 634 2135 opus
665 2058 725 2133 est,
755 2072 812 2135 per
839 2052 922 2134 quod
949 2052 1003 2116 ille
1032 2059 1165 2134 cogatur
1191 2072 1314 2136 posses-

197 2177 316 2241 sionem
351 2177 427 2240 mihi
461 2177 641 2257 restituere,
676 2177 819 2258 quamuis
853 2196 912 2260 ego
942 2197 1012 2241 eum
1044 2177 1125 2241 forte
1161 2182 1255 2241 antea
1282 2177 1314 2240 ui

182 2302 352 2394 eieoerim,
378 2309 432 2366 aut
456 2303 537 2367 olam
560 2302 793 2385 possessiouem
817 2301 847 2366 ei
862 2293 1070 2385 subripuerim
1094 2307 1148 2365 aut
1170 2302 1313 2385 preoario
1336 2317 1367 2367 15

177 2413 237 2490 'ab
262 2447 299 2490 eo
322 2427 555 2509 possessionem
580 2427 768 2508 rogauerim.
814 2433 862 2490 set
890 2426 968 2491 haeo
998 2425 1123 2506 quidem
1152 2426 1236 2510 apud
1259 2447 1312 2490 ue·

196 2558 294 2632 teres,
311 2571 392 2615 nuno
408 2571 493 2634 uero,
512 2551 557 2616 uti
569 2551 711 2634 superius
729 2550 872 2631 diximus,
886 2550 1172 2616 ¹constitutionibus
1189 2558 1312 2615 oautum

196 2684 253 2756 est,
277 2681 311 2740 ut
334 2675 361 2739 si
384 2675 454 2757 quis
477 2694 543 2740 rem
567 2695 656 2738 suam
680 2673 712 2738 ui
736 2681 877 2756 ooeupet,
900 2674 968 2738 eius
989 2674 1159 2738 dominium
1176 2675 1311 2748 amittat3

180 2801 244 2864 sin
268 2807 373 2865 autem
393 2799 545 2880 alienam,
575 2805 606 2863 et
628 2799 730 2881 ipsam
753 2819 820 2863 rem
843 2799 1000 2881 restituat,
1031 2806 1062 2864 et
1085 2799 1152 2864 eius
1180 2799 1313 2883 pretium

196 2925 226 2989 ei
248 2931 397 3008 praestet,
423 2904 477 3004 qui
499 2924 563 2988 uim
587 2943 700 3006 passus
724 2930 779 2988 est.
827 2925 879 3004 qui
903 2931 1009 2989 autern
1037 2925 1193 3005 quendam
1219 2925 1251 2989 ui
1275 2946 1313 2990 ex
1333 2941 1368 2990 ‘20

197 3071 254 3114 sua
277 3049 646 3132 possessione'expellit,
675 3069 738 3114 non
760 3055 880 3114 tantum
908 3051 966 3114 hoo
990 3049 1155 3114 interdieto
1180 3057 1312 3132 tenetur,

197 3181 244 3238 set
271 3175 366 3238 etiam
390 3175 421 3237 in
446 3175 563 3238 crimen
586 3173 683 3256 legis
707 3154 835 3238 luliae
863 3176 906 3238 de
934 3173 971 3238 ui
998 3175 1155 3257 priuata
1179 3175 1245 3240 siue
1270 3175 1313 3239 de

195 3299 232 3362 ui
255 3299 416 3382 publiea
439 3298 556 3362 inuidit.
603 3306 651 3363 set
675 3299 796 3362 erimini
820 3299 864 3364 de
888 3299 924 3362 ui
951 3301 1107 3384 priuata
1130 3306 1202 3364 tuno
1226 3301 1313 3365 loous

196 3424 238 3504 lit,
263 3444 333 3488 oum
357 3424 424 3488 sine
448 3423 543 3488 armis
568 3425 636 3504 quis
660 3424 723 3488 uim
747 3425 899 3506 intulerit,
925 3425 973 3490 sin
997 3431 1101 3488 autem
1125 3445 1195 3490 oum
1218 3425 1313 3489 armis

196 3549 228 3612 ui
263 3549 418 3629 quendam
451 3569 491 3613 ex
523 3549 725 3632 possessione
761 3549 923 3631 deieoerit,
962 3550 1034 3632 lege
1072 3549 1155 3614 Iulia
1193 3548 1239 3614 de
1277 3549 1314 3613 ui
1333 3565 1366 3614 ‘25

195 3674 350 3757 publiea
372 3675 536 3739 tenebitur.
572 3694 755 3739 armorum
772 3681 875 3739 autem
891 3675 1106 3758 appellatione
1126 3693 1190 3739 non
1213 3675 1313 3740 solum

196 3805 285 3864 souta
313 3805 344 3862 et
373 3797 472 3880 gladii
500 3804 531 3862 et
559 3799 672 3880 galeae
701 3799 928 3882 significantur,
956 3805 1005 3864 set
1034 3801 1128 3864 etiam
1155 3800 1255 3864 fustes
1283 3805 1314 3863 et

196 3923 319 4007 lapides
344 3929 379 3986 et
403 3943 493 3987 omne
521 3922 671 4006 deinceps
699 3923 951 4008 instrumentum,
981 3946 1041 4006 quo
1069 3925 1177 3990 nooeri
1204 3923 1312 4009 possit.

250 4249 342 4306 Theoph.
358 4251 470 4292 Antooous.
484 4261 526 4294 reo.
541 4251 628 4292 reruni.
