3328 5318
567 403 807 467 —436-*

131 575 300 641 subuenire
328 577 358 641 ei
387 576 476 642 solet.
528 577 682 642 interdum
712 578 849 642 maiores
878 595 1001 658 quoque
1029 577 1061 642 in
1089 578 1243 660 integrum

129 701 276 782 rest'tuit,
301 701 329 764 si
351 721 468 782 magna
491 707 522 765 et
545 701 628 766 iusta
651 721 749 766 causa
772 702 871 766 errori
895 701 1093 766 occasionem
1114 702 1243 784 dederit,

129 833 163 890 ut
187 826 282 890 etiam
312 825 572 910 prudentissimus
596 827 727 908 quisque
755 827 821 890 labi
848 834 969 910 posset;
998 827 1096 891 ueluti
1125 827 1157 890 in
1184 827 1243 890 hac

130 951 245 1034 specie.
300 950 436 1015 moriens
471 951 555 1033 quis,
594 951 648 1031 qui
683 950 785 1016 0000
820 972 985 1024 aureorum
1023 951 1244 1036 patrimonium

129 1075 283 1158 habebat,
317 1075 450 1138 instituit
483 1094 532 1138 me
565 1074 720 1138 heredem.
773 1075 893 1157 legauit
926 1075 1030 1139 Primo
1066 1095 1178 1140 aureos
1209 1075 1243 1156 Ο,
1281 1089 1296 1140 5

130 1199 276 1263 Secundo
293 1199 325 1263 C.
362 1204 434 1282 post
456 1203 675 1262 testamentum
698 1197 816 1262 factum
835 1199 1041 1281 supersidens
1065 1199 1244 1264 codicillum

130 1324 264 1406 scripsit,
288 1343 350 1404 quo
374 1322 480 1388 Tertio
505 1329 536 1386 et
559 1321 679 1398 Quano
703 1322 834 1404 singulis
863 1329 1012 1387 centenos
1036 1343 1150 1387 aureos
1172 1323 1244 1388 reli·

130 1449 204 1528 quit.
251 1447 466 1512 admouendus
490 1467 524 1512 es
547 1445 707 1511 falcidiam
731 1447 800 1530 ipso
824 1447 891 1512 iure
918 1447 951 1510 id
977 1447 1131 1530 minuere,
1161 1448 1244 1528 quod

129 1573 212 1636 ultra
229 1573 413 1637 dodrantem
429 1573 567 1655 legatum
584 1578 640 1653 est,
663 1572 758 1653 idque
774 1572 904 1656 perinde
921 1572 1054 1653 efficere,
1072 1592 1109 1636 ac
1125 1572 1153 1636 si
1168 1593 1243 1637 nun-

130 1718 225 1778 quam
248 1699 387 1780 legatum
405 1718 474 1762 esse
492 1697 659 1762 uideretur.
701 1698 728 1762 si
752 1718 827 1780 ergo
844 1704 916 1781 post
930 1697 1090 1762 testatoris
1113 1703 1243 1761 mortem
1263 1710 1297 1761 10

130 1823 292 1905 aperiatur
314 1829 533 1888 testamentum
557 1829 589 1887 et
611 1823 731 1887 lateant
754 1821 900 1904 codicilli,
926 1841 1005 1903 quos
1024 1827 1132 1886 extare
1155 1822 1242 1904 lega-

129 1947 280 2012 tariorum
294 1948 395 2012 inemo
423 1948 516 2029 sciat,
546 1967 584 2012 ac
611 1954 778 2030 postquam
807 1947 952 2029 adierim,
980 1946 1087 2012 ueniat
1109 1947 1242 2028 Primus,

130 2072 233 2135 sciens
258 2071 542 2136 oeconomorum
560 2092 630 2136 esse
645 2071 877 2155 patrimonium,
902 2077 933 2135 et
948 2077 1063 2154 putans
1081 2071 1131 2136 00
1143 2072 1243 2136 solum

128 2197 254 2277 legatos
278 2215 358 2278 esse,
382 2217 494 2277 meque
518 2217 581 2262 non
597 2198 697 2262 solum
718 2197 923 2277 quadrantem
942 2197 1060 2261 habere
1077 2196 1243 2261 sedetiam

129 2321 265 2404 amplius
289 2321 476 2405 quadrante,
505 2329 536 2387 et
559 2327 646 2405 petat
669 2343 689 2386 a
711 2342 761 2386 mc
785 2321 810 2385 O
834 2341 960 2404 aureos,
983 2321 1066 2386 idest
1088 2322 1243 2404 integrum
1264 2333 1297 2384 15

129 2451 339 2528 persequatur
360 2447 514 2530 legatum,
544 2452 575 2511 et
602 2447 725 2511 interim
754 2452 929 2530 appareant
952 2445 1102 2526 codicilli,
1131 2432 1243 2526 quibus

129 2569 237 2634 Tertio
261 2576 292 2634 et
308 2569 426 2646 Quarto
450 2571 582 2653 singulis
606 2571 729 2636 centeni
745 2570 832 2634 aurei
856 2571 917 2634 siut
939 2569 1050 2652 relicti,
1074 2569 1244 2634 ueletiam

128 2715 204 2776 pars
233 2693 331 2776 legati
353 2695 458 2758 Primo
489 2695 638 2778 adempta
670 2695 722 2776 sit,
756 2694 838 2758 uude
861 2694 983 2758 Primus
1016 2694 1182 2776 plusquam
1214 2694 1244 2758 ei

128 2837 242 2882 reuera
277 2817 443 2882 deberetur
474 2819 592 2901 petisse
626 2818 784 2900 uideatur,
824 2823 951 2901 propter
989 2837 1117 2881 causam
1150 2817 1243 2881 ualde

129 2941 327 3025 probabilem
357 2944 482 3007 ueniam
513 2949 720 3025 consequetur
750 2949 781 3008 et
808 2943 925 3006 LXXV
953 2961 1067 3006 aureos
1100 2943 1242 3026 accipiet,
1263 2954 1297 3006 20

129 3087 231 3147 neque
256 3067 402 3131 damnum
426 3068 548 3149 sentiet,
574 3069 655 3150 licet,
679 3088 748 3132 oum
772 3067 888 3130 LXXV
911 3073 1019 3149 petere
1043 3066 1195 3148 debuerit,
1220 3066 1244 3130 Ο

51 3200 113 3251 aaa.
127 3191 263 3274 petierit.
280 3192 452 3256 33a.Plur
466 3197 570 3256 autem
582 3192 737 3275 petitio,
759 3197 905 3272 quattuor
917 3191 1017 3255 modis
1028 3191 1242 3255 committitur:

128 3333 167 3422 rNe
191 3321 360 3398 tempore
383 3316 469 3380 loco
493 3336 622 3380 causat.
663 3335 719 3397 re,
744 3315 841 3380 ueluti
865 3315 985 3396 siquis
1009 3335 1065 3398 pro
1082 3316 1112 3388 X
1128 3316 1242 3398 aureis,

129 3439 183 3518 qni
206 3439 236 3502 ei
260 3439 422 3522 debentur,
452 3441 512 3504 XX
535 3446 636 3524 petat:
666 3446 720 3504 aut
743 3440 770 3504 si
797 3439 940 3522 fundum,
970 3441 1057 3504 ouius
1086 3446 1243 3522 exparte
