3164 5338
533 453 865 516 —346-'

104 637 227 702 actiones
249 637 410 716 oriuntur,
439 657 520 720 quae
542 640 574 703 in
596 659 684 704 reum
706 640 826 705 intendi
851 645 985 723 possunt
1005 638 1205 724 efficiuntque

102 761 133 820 ut
152 755 384 823 condemnetur:
412 763 503 822 etex
526 759 640 840 quibus
662 760 776 824 solutio
798 757 883 825 facta
904 760 1121 842 repetitionem
1143 781 1205 826 non

102 876 241 942 admittit:
263 897 365 959 neque
387 879 469 943 enim
491 879 517 944 si
532 879 651 945 inuitus
667 899 739 946 reus
762 881 893 946 soluerit
915 883 1057 962 repetere
1079 881 1204 963 poterit.

99 1000 284 1064 naturales
307 1004 413 1065 autem
435 1005 518 1078 sunt,
542 1019 624 1082 quae
645 1019 747 1084 neque
769 1001 923 1066 actionem
945 1001 1082 1082 pariunt,
1105 1019 1207 1086 neque
1229 1067 1232 1074 ,

98 1119 377 1188 condemnationem
407 1119 549 1186 afferunt.
595 1120 674 1186 duas
702 1139 777 1202 ergo
799 1121 831 1186 in
858 1121 958 1188 isdem
984 1125 1076 1186 notas
1099 1121 1240 1204 (lepre-5

97 1238 224 1305 hendere
245 1241 334 1319 licet,
364 1240 449 1322 quod
470 1259 582 1322 nempe
609 1241 723 1306 solutio
746 1259 784 1306 cx
805 1241 853 1306 his
883 1240 967 1306 lacta
989 1240 1206 1322 repetitionem

95 1377 150 1422 non
165 1360 313 1440 admittit
337 1365 369 1426 et
384 1361 468 1443 quod
484 1360 550 1426 dati
564 1359 763 1427 fideiussores
779 1365 895 1427 natura
909 1367 942 1428 et
956 1362 1025 1426 inre
1047 1365 1204 1427 tenentur.

94 1482 138 1543 cst
159 1481 241 1546 enim
263 1481 340 1545 iuris
362 1480 485 1562 regula,
514 1499 648 1562 quorum
676 1481 863 1564 principales
885 1481 1074 1546 naturaliter
1100 1485 1207 1545 tenen-

93 1606 150 1679 tm,
172 1599 371 1665 fideiussores
387 1599 575 1665 naturaliter
594 1605 626 1664 et
641 1600 775 1664 ciuiliter
797 1600 938 1682 obligari.
971 1600 1004 1664 in
1026 1619 1090 1682 qua
1112 1619 1208 1665 causa

91 1727 135 1787 est
155 1721 295 1806 pupillus
318 1721 373 1803 qui
395 1721 461 1786 sine
483 1721 599 1786 tutoris
619 1721 807 1786 auctoritate
821 1725 967 1786 mutuum
991 1719 1115 1802 accipit:
1139 1719 1207 1814 ipse
1227 1707 1266 1779 lo

91 1841 168 1906 enirn
189 1841 380 1907 naturaliter
400 1845 536 1920 tenetur,
558 1838 723 1907 fideiussor
745 1845 851 1906 autem
873 1840 940 1906 eius
963 1839 1152 1906 naturaliter
1175 1844 1208 1905 et
1305 1886 1311 1896 ,

90 1960 231 2026 simliter.
276 1979 346 2026 curn
373 1959 451 2026 haec
476 1963 641 2042 perspecta
668 1959 725 2025 tibi
752 1959 832 2038 sint,
855 1958 928 2024 uide
956 1959 1132 2042 quidinde
1160 1979 1220 2025 se-.

88 2085 212 2162 quatur.
249 2080 382 2146 diximus
405 2098 467 2145 non
487 2080 590 2147 solum
611 2080 643 2145 in
666 2080 810 2146 ciuilibus
833 2079 1017 2160 actionibus,
1041 2084 1090 2146 set
1112 2080 1207 2146 etlam

86 2198 339 2272 innaturalibus
368 2204 453 2266 recte
481 2197 697 2266 fideiussorem
724 2199 822 2282 accipi
847 2218 948 2282 posse.
993 2201 1206 2267 naturales

85 2321 225 2386 actiones
248 2320 292 2385 sic
313 2319 475 2402 intellege,
504 2320 604 2384 ueluti
626 2319 653 2385 si
679 2338 790 2386 seruus
818 2323 966 2385 extraneo
996 2319 1120 2384 debitor
1140 2319 1206 2400 liat,
1227 2325 1258 2402 ¹‚5

83 2441 260 2506 sedetiam
288 2439 413 2505 domino
442 2440 703 2523 (naturaliter,
731 2444 767 2505 ut
792 2444 895 2522 patet3
924 2459 997 2505 nam
1020 2439 1154 2506 ciuiliter
1174 2440 1207 2505 id

82 2559 147 2625 fieri
171 2580 239 2626 non
260 2560 394 2644 potest),
423 2560 539 2642 detque
564 2559 780 2628 fideiussorem
802 2560 869 2626 siue
892 2565 1040 2626 extraneo
1063 2561 1131 2626 siue
1154 2560 1207 2626 do-

81 2681 166 2746 mino
190 2701 252 2746 suo
274 2699 332 2765 pro
354 2681 420 2760 his,
450 2701 532 2764 quae
555 2681 662 2747 debet:
699 2684 826 2747 tenetur
852 2698 926 2763 ergo
953 2680 1119 2748 fideiussor
1139 2670 1206 2746 tarn

79 2803 275 2868 naturaliter
290 2821 384 2884 quam
404 2802 538 2868 ciuiliter
553 2820 624 2868 cum
638 2802 819 2885 principalis
835 2801 966 2880 debitor,
987 2800 1070 2868 idest
1084 2821 1205 2888 sennua,

37 2895 62 2982 a.
79 2923 276 2988 naturaliter
297 2925 421 2986 tantum
444 2921 608 3004 obligetur.
655 2924 682 2986 2.
706 2921 888 2987 Fideiussor
910 2940 972 2986 non
994 2925 1118 2987 tanturn
1139 2921 1207 3003 ipse
1224 2923 1258 2974 2⁰

77 3042 259 3124 obligatur,
288 3046 337 3108 set
358 3041 610 3128 etiamnmoriens
637 3060 729 3107 suum
751 3041 898 3108 heredem
920 3041 1092 3122 obligatum
1114 3041 1206 3106 relin-

40 3177 60 3229 3.
78 3165 157 3246 quit.
210 3165 240 3228 3.
264 3163 375 3228 Potest
388 3161 555 3229 fideiussor
570 3168 601 3228 et
624 3161 846 3244 obligationem
862 3162 938 3242 eius,
961 3181 1019 3245 pro
1035 3179 1097 3244 quo
1113 3179 1205 3244 spons

77 3282 140 3362 det,
165 3281 376 3366 praecederc3
399 3282 498 3347 ueluti
520 3282 547 3348 si
568 3286 714 3346 mutuum
729 3273 915 3365 accepturus
931 3287 1004 3346 ante
1026 3284 1205 3346 contractus

74 3403 344 3469 constitutionem
365 3400 580 3471 fideiussorem
603 3401 730 3481 dedisti,
753 3401 920 3467 ueletiam
943 3405 1112 3484 postquam
1135 3419 1205 3466 con-

37 3541 57 3591 4.
74 3528 206 3589 tractus
231 3520 389 3604 porrectus
411 3527 460 3588 est
485 3541 535 3588 me
556 3521 772 3590 fideiussorem
793 3521 943 3589 adiecisti.
991 3525 1019 3588 4.
1044 3521 1078 3588 si
1097 3523 1205 3606 'plores

72 3644 139 3710 sint
162 3642 381 3721 fideiussores,
409 3647 565 3725 quotquot
586 3647 680 3709 erunt
700 3661 840 3723 numero,
863 3662 925 3708 non
947 3643 979 3708 in
1001 3647 1133 3726 partem,
1157 3648 1206 3710 set

70 3764 102 3832 in
127 3764 278 3832 solidum
300 3764 416 3846 singuli
438 3783 546 3830 corum
569 3769 725 3846 tenentur,
749 3769 786 3830 ut
806 3765 905 3832 libera
927 3765 969 3830 sit
991 3764 1138 3832 creditori
1159 3762 1205 3829 f-

11 5025 1411 5318 m
