3154 5338
554 439 786 503 -319—

115 625 249 707 cipientis
271 623 320 702 fit,
348 643 410 689 non
432 625 500 707 ipse
522 630 627 690 tamen
656 625 779 690 debitor
800 625 1011 691 constituitur.
1059 626 1165 690 »Non
1187 626 1223 690 in

114 743 260 808 easdem
288 762 361 822 res,
396 749 455 809 set
483 745 520 808 in
549 744 652 809 alias
685 744 866 810 eiusdem
898 745 1155 811 substantiae
1188 751 1225 810 et

113 863 390 943 quantitatis«,
418 882 458 928 ne
480 865 582 928 mutui
604 864 774 929 utilitatem
796 865 951 929 tollerem:
982 865 1114 946 quisque
1143 865 1224 929 enim

112 988 251 1047 mutuum
273 983 386 1065 accipit
407 987 444 1046 ut
465 1002 516 1048 res
538 983 569 1047 in
592 1003 684 1048 suum
712 984 909 1049 commodum
930 984 1105 1066 impendat,
1135 985 1225 1050 alias·

111 1120 167 1182 que
188 1120 247 1184 pro
270 1102 314 1167 eis
330 1103 497 1168 restituere
516 1103 631 1184 possit3
654 1122 727 1168 nam
751 1103 778 1168 si
800 1103 925 1170 easdem
948 1104 1115 1170 restituere
1137 1117 1258 1186 coges

111 1227 211 1299 11111,
243 1242 475 1305 superuacuum
504 1229 587 1289 11111
616 1228 761 1289 mutuum
791 1225 940 1306 accipere.
989 1224 1092 1288 mutui
1119 1230 1225 1288 autem

111 1342 256 1424 obligatio
278 1361 340 1406 101
363 1343 394 1406 in
417 1343 561 1408 omnibus
581 1343 675 1408 rebus
692 1343 843 1421 consistit,
867 1345 961 1408 setin
976 1342 1025 1408 his
1048 1361 1128 1424 quae
1150 1361 1226 1424 pon-

111 1461 179 1528 dere
210 1481 341 1527 numero
363 1481 510 1528 mensura
540 1469 698 1529 constant:
725 1463 913 1546 pondere,
942 1463 1042 1528 ueluti
1070 1481 1147 1527 auro
1178 1481 1226 1527 ar-

111 1587 200 1663 gento
234 1583 362 1664 plumbo
393 1602 464 1648 cere
498 1584 586 1665 picea
617 1590 753 1648 stamno:
787 1603 986 1662 mensura,
1018 1583 1117 1647 ueluti
1151 1582 1225 1646 uino

111 1703 173 1767 oleo
196 1700 369 1768 frumento:
399 1722 573 1781 numero,
603 1703 703 1768 ueluti
729 1703 864 1768 nummis
891 1703 998 1785 paruis
1029 1708 1061 1768 et
1082 1702 1226 1766 omnibus
1247 1715 1277 1764 10

111 1821 248 1899 demum,
280 1840 361 1903 quae
388 1823 622 1888 adnumeranda
648 1822 700 1888 uel
727 1822 924 1888 admetiendo
943 1824 995 1888 uel
1022 1822 1226 1904 adpendendo

110 1943 220 2008 inhoc
243 1944 362 2021 damno,
386 1949 423 2008 ut
445 1963 482 2009 ea
497 1944 678 2026 accipientis
699 1944 849 2010 faciamus
873 1949 905 2008 et
926 1943 1114 2024 quandoque
1137 1942 1226 2007 nobis

109 2081 167 2126 non
189 2063 320 2128 eaedem
342 2081 392 2128 111
415 2069 463 2128 111
484 2065 563 2129 aliae
579 2065 718 2129 eiusdem
739 2070 873 2130 naturae
895 2069 928 2128 et
949 2064 1135 2147 quantitatis
1158 2063 1227 2128 red-

109 2183 231 2247 dantur.
278 2183 361 2249 unde
383 2185 477 2248 etiam
503 2191 718 2250 »mutuum«
745 2186 938 2267 appellatum
960 2190 1017 2262 est,
1041 2185 1117 2266 quin
1139 2183 1185 2248 ita
1207 2202 1226 2247 a

109 2321 155 2368 me
177 2302 237 2367 tibi
258 2303 361 2382 datur,
385 2309 422 2368 ut
446 2323 510 2368 »ex
532 2323 613 2369 meo
637 2310 747 2369 tuum
769 2305 882 2370 fiat«.
917 2323 954 2368 ex
976 2322 1013 2368 eo
1036 2308 1277 2398 autemcon7'15

76 2441 93 2489 1.
110 2425 213 2486 tractu
237 2421 318 2486 actio
340 2422 493 2501 nascitur,
522 2441 603 2504 quae
626 2423 741 2488 dicitur
763 2423 925 2488 condictio.
974 2427 1000 2488 1.
1024 2424 1074 2488 Ad
1095 2443 1129 2488 re
1152 2423 1227 2488 obli·

108 2542 249 2621 gationes
271 2541 402 2606 indebiti
417 2560 542 2623 quoque
559 2542 673 2607 solutio
688 2543 834 2624 pertinet.
865 2543 892 2608 si
914 2543 996 2608 enim
1018 2541 1096 2609 falso
1119 2548 1227 2624 putem

108 2680 154 2725 me
180 2661 241 2726 tibi
269 2665 394 2726 centum
424 2678 536 2726 aureos
566 2661 680 2726 debere
708 2665 741 2726 et
769 2662 826 2727 hos
849 2662 906 2726 tibi
928 2682 985 2744 per
1007 2681 1145 2728 errorem
1167 2664 1227 2728 sol-

107 2799 192 2858 uam,
224 2785 257 2846 te
284 2799 393 2846 eorum
422 2782 582 2846 dominum
611 2780 720 2847 efficio.
771 2782 915 2864 deinceps
942 2788 1062 2861 autem,
1092 2784 1228 2848 ueritate

108 2901 242 2982 cognita,
270 2919 323 2966 eos
345 2921 402 2982 per
424 2901 649 2967 condictionem
672 2903 809 2984 recipere
830 2922 968 2984 possum.
1012 2903 1058 2968 ita
1079 2903 1161 2968 enim
1182 2903 1228 2967 in·
1245 2911 1279 2960 20

107 3021 218 3085 tendo:
251 3021 307 3086 »si
329 3028 441 3102 paret
461 3021 563 3087 hunc
587 3023 679 3089 dare
709 3029 935 3105 oportere«:
964 3028 1060 3106 atque
1082 3029 1228 3088 mutuum

107 3143 227 3220 patene,
245 3139 291 3202 uti
308 3139 426 3205 dictum
442 3146 499 3219 est,
515 3141 708 3207 condictione
723 3143 866 3224 experior
879 3142 990 3209 iisdem
1005 3143 1110 3209 uerbis
1125 3149 1226 3208 utens.

107 3264 154 3324 set
174 3260 256 3325 haec
278 3260 404 3342 quidem
427 3261 542 3326 dicitur
564 3262 760 3327 condictio
782 3263 924 3342 mutui;
955 3264 1009 3328 illa
1035 3282 1111 3329 11110
1140 3283 1228 3329 con·

107 3381 233 3448 dictio
255 3382 438 3448 indebiti.
472 3401 574 3464 neque
596 3383 628 3448 in
651 3403 687 3448 eo
703 3389 834 3449 tantum
855 3384 958 3449 mutui
980 3389 1075 3465 atque
1097 3382 1228 3448 indebiti

108 3501 320 3567 condictiones
341 3503 424 3567 inter
445 3521 479 3567 se
502 3501 699 3581 conueniunt,
723 3503 808 3585 quod
828 3504 861 3567 in
881 3508 1017 3584 utraque
1038 3503 1228 3567 numeratio·
1245 3511 1278 3561 25

106 3621 153 3686 nis
176 3619 297 3686 factum
320 3621 490 3703 procedere
512 3621 619 3700 debet,
647 3626 696 3687 set
724 3623 818 3688 etiam
841 3623 873 3686 in
896 3641 949 3702 10,
973 3622 1058 3704 quod
1079 3622 1226 3705 pupillus,
