3328 5318
602 355 841 417 „446..

166 528 263 609 fulsit,
292 535 347 592 aut
369 527 509 594 farniliae
532 548 622 593 meae
638 529 825 592 trumentum
850 528 932 610 emit,
955 534 1010 593 aut
1025 528 1155 592 fundum
1171 529 1279 592 aliam-

110 662 157 716 41.
168 672 229 732 qne
260 671 327 716 rem
355 653 567 718 necessariam
594 653 670 716 mihi
695 658 853 717 mercatus
882 657 937 717 est.
983 654 1038 718 lb.
1061 653 1171 732 ltaque
1200 653 1227 716 si
1248 654 1279 716 X

166 797 279 841 aureos
303 798 323 840 a
344 782 376 841 te
400 784 449 842 est
471 783 631 842 mutuatus
655 783 686 842 et
708 777 735 840 V
759 777 905 842 creditori
928 797 998 842 meo
1015 777 1118 854 soluit,
1142 777 1279 857 reliquos

165 920 242 965 uero
266 901 292 962 V
316 901 458 982 quolibet
481 901 573 966 modo
602 901 839 986 consumpserit,
867 921 924 984 pro
949 902 974 965 V
1002 901 1143 982 quidem,
1172 902 1225 982 qui
1248 902 1280 966 in

165 1043 230 1088 rem
259 1044 361 1088 meam
390 1025 474 1090 uersi
502 1033 586 1107 sunt,
616 1025 741 1090 omnino
769 1025 912 1090 damnari
943 1025 1058 1108 debeo,
1085 1046 1143 1108 pro
1167 1027 1279 1090 ceteris
1316 1038 1331 1087 5

165 1167 250 1230 uero,
275 1149 330 1230 qui
352 1170 410 1232 pro
433 1169 483 1212 me
507 1169 570 1213 nou
593 1155 665 1214 sunt
688 1149 872 1232 consumpti,
896 1155 1027 1214 eatenus
1043 1151 1181 1231 tenebor,
1205 1171 1279 1230 qua·

167 1278 258 1337 tenus
282 1272 398 1355 peculii
421 1273 580 1352 quantitas
604 1273 789 1338 extenditur.
834 1293 875 1338 ex
898 1293 959 1354 quo
988 1273 1109 1339 scilicet
1135 1280 1278 1356 apparot,

164 1397 193 1460 si
213 1395 276 1460 toti
298 1397 328 1459 X
352 1397 441 1460 aurei
464 1397 586 1461 iurem
608 1417 712 1461 meam
738 1398 823 1462 uersi
850 1398 978 1478 fuerint,
1008 1403 1090 1462 totos
1113 1398 1142 1460 X
1168 1417 1279 1462 aureos

166 1521 353 1584 creditorem
377 1543 397 1585 a
419 1541 468 1586 me
492 1522 672 1604 petiturum.
716 1522 799 1586 actio
824 1529 928 1586 autem
952 1522 995 1586 de
1018 1522 1182 1605 peculio,
1206 1523 1280 1586 lieet

164 1665 228 1710 una
246 1652 293 1710 est
308 1646 401 1726 actio,
422 1645 501 1709 duas
517 1646 613 1709 habet
629 1645 919 1727 condemnationes;
944 1651 999 1709 aut
1015 1646 1097 1710 enim
1114 1647 1152 1711 de
1168 1667 1279 1730 pecu·
1299 1657 1333 1708 10

162 1767 218 1833 lio
247 1775 302 1833 aut
330 1770 374 1834 de
402 1791 457 1851 eo,
494 1770 592 1851 quod
619 1771 658 1834 in
692 1791 766 1834 rem
801 1789 950 1834 uersum
979 1777 1048 1851 est,
1083 1770 1212 1836 intentio
1248 1776 1279 1836 61

164 1893 385 1958 condemnatio
409 1896 493 1958 fiunt.
539 1895 649 1975 itaque
670 1895 778 1976 iudex,
807 1893 861 1975 qni
884 1895 922 1958 de
946 1895 1069 1960 actione
1093 1895 1131 1959 de
1153 1895 1278 1978 peculio

164 2019 335 2099 cognoscit,
361 2025 434 2083 aute
451 2019 606 2102 dispicere
623 2020 713 2100 solet,
738 2041 779 2084 an
794 2019 827 2082 in
842 2039 908 2084 rem
928 2019 1047 2083 domini
1063 2020 1137 2101 quid
1152 2041 1277 2086 uersum

163 2142 213 2223 sit,
238 2148 269 2205 61
292 2142 319 2206 si
342 2142 417 2224 quid
433 2163 561 2207 uersum
585 2149 643 2224 est,
668 2143 700 2207 in
721 2150 820 2208 totam
843 2144 924 2208 hanc
948 2165 1098 2208 summam
1120 2145 1277 2209 dominum

164 2265 359 2330 condemnat.
406 2267 497 2331 aliter
525 2267 607 2333 enim
631 2268 672 2331 ad
699 2267 815 2351 peculii
842 2268 1091 2333 aestimationem
1120 2269 1275 2349 transibit,
1297 2275 1329 2328 15

163 2390 190 2453 si
220 2391 297 2454 nihil
324 2411 445 2474 eorum,
482 2412 564 2472 quae
597 2412 707 2456 seruus
742 2393 970 2475 consumpserit
999 2393 1031 2456 in
1058 2412 1124 2456 rem
1159 2393 1276 2457 domini

105 2527 296 2597 reuersum,
320 2515 361 2579 sit
385 2521 439 2580 aut
463 2522 547 2582 certe
571 2536 632 2580 non
657 2517 769 2580 omnia.
810 2521 862 2582 40.
887 2516 964 2580 Cum
987 2535 1064 2580 uero
1088 2518 1127 2580 de
1150 2516 1274 2598 peculio

163 2639 344 2720 dixerimus,
368 2640 530 2704 uideamus
555 2641 631 2720 quid
659 2641 849 2722 peculium
874 2641 922 2705 sit.
969 2640 1106 2704 definitio
1134 2640 1275 2723 peculii

156 2763 240 2827 haec
263 2770 325 2828 est:
349 2766 495 2829 naturale
519 2764 676 2844 quoddam
699 2764 929 2846 patrimonium,
956 2764 1039 2845 quod
1063 2765 1093 2827 ei
1116 2770 1164 2828 est
1187 2765 1273 2828 attri-

160 2889 269 2952 butum
282 2889 336 2969 qui
348 2889 452 2952 alieno
468 2889 530 2952 iuri
540 2889 698 2952 subiectus
711 2894 811 2952 estex
822 2888 921 2971 patris
933 2887 1090 2952 dominiue
1102 2888 1273 2968 uoluntate,
1294 2896 1329 2948 20

163 3019 296 3095 excepto
321 3032 359 3076 eo
384 3013 468 3092 quod
490 3013 676 3077 naturaliter
697 3012 881 3095 parentibus
904 3012 956 3076 uel
985 3011 1116 3076 dominis
1144 3012 1276 3076 debetur

161 3136 257 3218 eisne,
281 3137 334 3217 qui
357 3137 390 3200 in
413 3137 553 3201 eiusdem
575 3143 732 3220 potestate
756 3143 835 3201 sunt.
871 3135 1064 3200 »naturale
1088 3135 1275 3216 quoddam

159 3260 444 3344 patrimonium«
469 3261 542 3342 dixi,
567 3261 641 3342 quia
664 3261 731 3325 iure
755 3261 842 3326 ciuili
864 3260 899 3341 is,
923 3261 977 3342 qui
998 3260 1032 3324 in
1047 3259 1153 3324 aliena
1172 3265 1274 3342 potes-

158 3391 225 3450 tate
247 3392 303 3467 est,
323 3385 400 3450 nihil
420 3406 509 3450 suum
530 3387 647 3450 habere
667 3391 781 3468 potest.
821 3405 883 3452 »ex
909 3385 1031 3467 patris
1059 3355 1274 3464 dominique

160 3509 359 3574 uoluntate
393 3510 441 3591 ei,
477 3511 540 3590 qui
572 3510 700 3574 alieno
735 3509 810 3572 iuri
838 3514 895 3572 est
923 3508 1134 3588 subiectus,
1168 3508 1327 3578 attri-cs

162 3635 315 3716 butum«,
347 3635 418 3700 ideo
447 3635 525 3715 dixi,
556 3635 631 3716 quia
658 3634 691 3697 id
719 3634 843 3698 demum
877 3633 1065 3716 peculium
1100 3638 1161 3713 est,
1191 3632 1274 3712 quod
