3164 5338
520 446 577 496 Ν-
626 411 691 476 370
737 446 778 455 -

115 585 164 649 tibi
185 583 298 649 amicus
316 584 427 648 eodem
444 605 478 649 se
495 587 646 650 conferre.
684 585 894 650 mandaueras
918 586 994 650 mihi
1009 593 1043 652 nt
1059 588 1219 671 mancipia

103 709 158 802 ¹uel
179 709 260 772 aliud
285 709 359 790 qnid
382 709 440 774 tibi
463 729 607 774 emerem.
647 709 674 774 si
700 709 882 774 mandatnm
906 710 1032 794 suscepi
1055 731 1093 775 eo
1117 732 1218 792 nsque

114 833 226 916 impune
249 834 428 898 renuntiare
445 853 583 917 possum,
609 834 708 899 donec
724 834 825 899 Titius
841 834 1043 899 nondumest
1057 836 1219 919 profectus

114 963 196 1038 atque
218 958 319 1040 potnit
335 959 365 1022 ei
382 959 421 1023 de
445 959 557 1023 eadem
575 959 733 1042 emptione
750 957 902 1022 mandari.
935 979 1008 1022 nam
1032 959 1060 1024 si
1082 959 1137 1025 illo
1154 960 1218 1024 iam

111 1081 251 1164 profecto,
275 1083 507 1165 renuntiauero,
531 1083 673 1148 mandati
695 1085 841 1166 tenebor;
865 1104 928 1147 non
945 1084 1027 1148 enim
1043 1082 1145 1148 adhuc
1161 1105 1218 1169 per
1255 1101 1272 1152 5

112 1206 197 1269 olium
223 1213 329 1291 potest
355 1208 522 1273 mandator
550 1229 767 1274 consummare
794 1209 989 1292 mandatum,
1018 1229 1087 1274 cum
1116 1209 1218 1274 Titius

110 1329 165 1394 inm
179 1331 300 1398 abierit.
332 1333 360 1397 si
379 1339 485 1398 tamen
501 1334 585 1398 iusta
601 1353 697 1398 causa
713 1334 899 1415 intercessit,
917 1353 999 1414 qnae
1015 1333 1090 1397 mihi
1105 1354 1219 1398 rennn-

109 1454 180 1519 tiare
196 1462 251 1520 ant
262 1457 448 1540 tempestiue
460 1459 640 1522 renuntiare
652 1477 716 1522 non
728 1457 915 1542 permiserit,
933 1458 1117 1522 excusabor.
1142 1457 1217 1538 quid

109 1579 183 1642 enim
206 1581 233 1644 si
258 1581 415 1664 publicum
439 1583 599 1664 negotium
622 1583 675 1646 nel
691 1582 756 1646 alia
779 1581 910 1662 quaeris
923 1581 1105 1646 necessaria
1121 1601 1217 1646 cauta

66 1717 99 1766 12.
107 1704 176 1767 mihi
197 1725 261 1769 non
283 1707 461 1788 permiserit
483 1707 665 1771 mandatnm
689 1707 926 1772 consummare?
963 1709 1011 1772 12.
1035 1706 1216 1770 Mandatum
1236 1717 1272 1775 10

108 1827 194 1892 etiam
224 1830 257 1893 in
285 1829 367 1894 diem
394 1831 463 1895 fieri
486 1838 604 1914 potest,
636 1833 748 1896 ueluti:
775 1831 919 1895 ‘mando
947 1831 1032 1911 tibi,
1062 1836 1100 1895 ut
1127 1836 1217 1914 post

106 1952 290 2018 biennium
318 1955 357 2018 id
385 1955 535 2020 facias':
565 1964 597 2020 et
619 1957 677 2020 sub
702 1956 901 2037 condicione,
930 1955 1042 2019 ueluti:
1073 1954 1216 2021 ‘mando

63 2076 169 2142 13.tibi
196 2084 236 2142 ut
264 2079 295 2143 si
322 2081 431 2144 nauis
467 2100 510 2144 ex
538 2080 630 2145 Asia
662 2080 813 2145 uenerit
841 2079 880 2143 id
913 2079 1059 2143 facias’.
1108 2083 1157 2145 13.
1180 2081 1218 2143 In

106 2221 222 2266 summa
245 2203 406 2268 sciendum
432 2211 480 2269 est
503 2205 685 2268 mandatum
712 2205 882 2286 gratuitum
904 2223 974 2268 esse
1003 2203 1132 2285 debere3
1156 2203 1217 2267 nisi

105 2326 181 2390 enim
196 2327 263 2391 tale
288 2328 336 2408 sit,
361 2329 393 2391 in
417 2329 513 2392 alium
538 2335 731 2393 contractum
748 2328 840 2393 cadit.
879 2327 1024 2392 mercede
1041 2327 1124 2391 enim
1145 2347 1217 2391 con·
1239 2341 1271 2392 15

104 2449 224 2550 stituta,
253 2451 362 2534 incipit
390 2453 507 2516 locatio
537 2458 568 2517 et
596 2453 760 2517 conductio
790 2472 868 2516 esse.
916 2451 1107 2552 generaliter
1135 2453 1217 2516 enim

104 2574 178 2639 scire
208 2575 321 2657 debes,
355 2596 395 2640 ex
423 2577 536 2656 quibus
569 2577 695 2641 casibus
724 2577 791 2641 sine
819 2576 964 2640 mercede
993 2576 1120 2658 negotio
1144 2597 1164 2638 a
1186 2582 1217 2639 te

102 2706 255 2783 suscepte,
280 2701 421 2764 mandati
444 2722 500 2766 seu
524 2702 658 2784 depositi
682 2701 764 2766 actio
789 2701 846 2765 tibi
873 2705 1076 2784 competeret,
1106 2701 1217 2766 iisdem

102 2824 240 2907 casibus,
267 2825 412 2890 mercede
435 2826 678 2904 interueniente,
706 2825 823 2889 locatio
848 2830 879 2889 et
902 2824 1066 2890 conductio
1096 2830 1217 2890 contra-

101 2946 190 3012 hitur.
240 2956 271 3014 et
293 2949 365 3014 ideo
390 2949 417 3014 si
440 2950 551 3014 fulloni
574 2950 753 3033 poliendam
780 2950 832 3013 nel
860 2949 1038 3014 dealbatori
1067 2950 1217 3015 dealban-
1237 2961 1272 3011 20

101 3070 171 3135 dam
193 3080 316 3138 uestem
338 3074 470 3150 dedere,
494 3075 547 3137 nel
575 3073 762 3138 seminatori
786 3074 998 3155 sarciendam,
1028 3075 1116 3137 nulla
1139 3093 1217 3137 mer·

100 3196 175 3261 cede
200 3199 370 3263 constituta
384 3219 487 3279 neque
509 3199 675 3282 promissa,
701 3198 799 3280 gratis
815 3199 934 3262 fullone
955 3199 1007 3263 uel
1023 3198 1217 3262 seminatore

100 3319 131 3382 id
153 3342 188 3386 se
212 3323 368 3388 facturum
391 3323 541 3406 pollicito,
571 3323 612 3386 ad
636 3342 706 3386 eam
729 3323 968 3406 reciperandam
991 3323 1132 3387 mandati
1154 3323 1217 3385 iam

99 3454 256 3530 competet
279 3447 371 3512 actio.
