3384 5314
575 398 813 461 -470-

137 573 320 655 temporalis
344 572 429 655 pacti
452 573 610 656 exceptio:
641 593 683 638 ex
712 594 874 656 persona
902 579 1022 654 autem,
1052 573 1150 638 ueluti
1182 593 1251 657 pro·

138 697 325 762 curatoriae.
371 697 398 762 si
429 698 498 778 quis
527 698 608 762 enim
639 717 696 781 per
723 698 851 762 militem
885 705 938 762 aut
965 697 1127 762 mulierem
1156 718 1251 780 agere

137 822 228 903 uelit,
258 823 442 906 exceptione
471 823 641 906 repellitur.
688 822 777 887 miles
806 823 903 904 enim,
933 823 986 903 qui
1014 821 1109 886 armis
1138 842 1253 886 uacare

138 947 242 1029 debet,
268 947 484 1030 procuratorio
508 949 633 1012 nomine
662 967 764 1028 neque
792 967 849 1030 pro
878 953 967 1030 patre
996 947 1046 1011 uel
1076 953 1175 1011 matre
1203 946 1255 1010 uel

138 1092 236 1136 uxore
260 1092 299 1136 ne
323 1092 362 1136 ex
387 1093 477 1137 sacro
502 1072 628 1154 quidem
651 1073 804 1155 rescripto
830 1071 965 1156 experiri
987 1076 1099 1154 potest.
1138 1090 1195 1153 pro
1219 1091 1253 1136 se
1291 1084 1307 1134 5

137 1204 244 1262 tamen
268 1217 362 1279 agere
386 1219 448 1262 non
476 1198 670 1281 prohibetur3
700 1197 732 1262 id
760 1197 842 1262 enirn
866 1195 926 1261 iuri
953 1196 1082 1262 militari
1110 1215 1173 1260 non
1201 1195 1254 1260 ad·

138 1327 290 1386 uersatur.
337 1329 407 1386 sunt
431 1323 514 1387 aliae
538 1343 663 1404 quoque
687 1322 852 1387 dilatoriae
873 1321 1085 1405 exceptiones,
1111 1340 1191 1402 quae
1216 1340 1255 1384 ex

138 1447 281 1530 personis
315 1453 497 1529 nascuntur,
530 1466 675 1528 quaeque
710 1447 967 1530 procuratoribus
1002 1445 1150 1510 infamiae
1179 1464 1254 1526 ergo

139 1578 344 1654 opponuntur.
380 1571 456 1652 quid
479 1578 583 1636 autem
606 1572 665 1636 hoc
690 1571 731 1636 sit
753 1571 857 1635 dicere
873 1571 970 1635 iuuat
1004 1571 1082 1634 haec
1099 1569 1254 1652 inprimis

138 1696 196 1760 tibi
220 1704 388 1779 perspecta
411 1697 539 1761 habeas.
574 1697 601 1760 si
625 1697 695 1777 quis
712 1696 847 1780 depositi
866 1695 917 1760 uel
938 1695 1122 1758 iniuriarum
1139 1693 1254 1757 iudicio
1276 1703 1310 1756 10

139 1820 311 1904 damnetur,
336 1821 490 1884 infamis
513 1821 555 1884 fit.
602 1820 727 1884 infamis
751 1827 856 1884 autem
879 1820 980 1884 faetus
1004 1820 1111 1902 plures
1139 1818 1257 1902 patitur

138 1965 267 2028 poenas.
313 1965 416 2026 neque
448 1945 529 2009 enim
565 1951 693 2010 senator
724 1946 792 2010 fieri
826 1950 946 2028 potest,
980 1963 1082 2025 neque
1118 1943 1255 2025 decurio,

138 2089 241 2149 neque
257 2069 388 2134 militiae
408 2089 522 2132 nomen
547 2069 633 2151 dare,
657 2090 759 2150 neque
783 2070 954 2153 postulare,
979 2089 1082 2150 neque
1099 2067 1204 2148 alium,
1229 2068 1256 2132 si

139 2201 229 2276 agat,
263 2201 497 2276 procuratorem
527 2194 654 2275 eligere.
705 2196 773 2279 ipse
804 2196 886 2259 enim
916 2215 973 2278 pro
1005 2214 1039 2259 se
1071 2213 1167 2276 agere
1195 2213 1257 2257 non

139 2319 329 2401 prohibetur.
380 2339 449 2382 oum
477 2319 535 2382 tibi
563 2320 642 2384 haee
670 2326 837 2402 perspecta
866 2319 942 2400 sint,
978 2319 1051 2383 uide
1081 2317 1155 2398 quid
1183 2317 1256 2380 inde
1276 2327 1309 2379 15

140 2450 296 2523 sequatur.
343 2463 413 2507 cum
437 2463 496 2524 ego
521 2449 623 2507 tecum
647 2464 742 2526 agere
767 2444 895 2525 uellem,
923 2443 1071 2507 infamem
1100 2442 1255 2522 quendam

139 2572 374 2650 procuratorem
399 2567 559 2649 constitui,
585 2568 636 2632 uel
660 2587 729 2631 cum
753 2567 807 2632 ille
831 2567 956 2648 quidem
980 2567 1123 2649 integrae
1151 2567 1256 2629 famae

139 2697 233 2772 esset,
258 2691 326 2774 ipse
350 2692 474 2756 infamis
499 2713 598 2774 eram;
628 2693 771 2775 exceptio
795 2693 977 2756 infamiae
1007 2691 1159 2772 obstabit,
1184 2710 1256 2754 reus

140 2815 222 2880 enim
246 2815 304 2879 ait:
331 2815 372 2880 ‘si
400 2837 471 2880 non
495 2816 650 2880 infamis
677 2822 716 2880 tu
743 2823 969 2899 procurator
992 2817 1040 2881 es'
1066 2821 1121 2880 aut
1144 2815 1188 2879 ‘si
1211 2817 1256 2878 ab

140 2940 271 3004 infami
286 2960 358 3003 non
382 2960 420 3004 es
444 2941 695 3005 constitutus'.
738 2962 819 3022 quae
836 2941 980 3024 exceptio
997 2941 1180 3005 dilatoria
1197 2946 1254 3021 est,
1276 2959 1310 3010 20

140 3071 171 3129 et
194 3085 237 3128 ex
261 3084 424 3148 persona
447 3065 595 3130 nascitur.
634 3066 797 3131 dilatorias
814 3074 918 3131 autem
942 3065 1036 3130 facile
1056 3072 1104 3129 est
1124 3065 1256 3128 artificio

140 3189 275 3269 quodam
299 3189 447 3271 effugere.
492 3211 565 3253 nam
589 3191 617 3254 si
641 3191 725 3256 dicat
748 3213 819 3256 reus
844 3192 992 3255 infamem
1016 3210 1086 3255 esse
1110 3210 1257 3273 procura-

139 3321 254 3395 torem,
282 3334 410 3397 possum
439 3335 510 3378 eum
537 3321 658 3380 mutare
688 3323 719 3380 et
746 3315 841 3380 alium
877 3317 1019 3398 integrae
1047 3322 1141 3379 notae
1170 3316 1256 3396 dare,

139 3438 191 3502 uel
215 3438 283 3520 ipse
304 3458 408 3520 agere.
448 3439 496 3502 sin
520 3445 625 3503 autem
649 3439 734 3504 dicat
758 3445 802 3504 »te
830 3441 978 3504 infamem
1006 3461 1085 3519 esse,
1110 3440 1257 3521 quicum

140 3562 290 3642 dederis«,
315 3562 408 3627 facile
432 3565 650 3647 exceptionem
674 3565 833 3647 effugiam,
859 3565 886 3628 si
901 3571 1134 3649 procuratorem
1157 3585 1257 3629 remo·
1277 3581 1310 3632 25

139 3707 232 3750 ueam
260 3693 292 3752 et
319 3688 387 3771 ipse
415 3708 517 3770 agam.
563 3689 689 3753 infamis
718 3689 814 3769 enim,
844 3689 988 3770 quamuis
1016 3709 1079 3754 non
1107 3689 1159 3753 det
1186 3710 1257 3772 pro·

141 3817 331 3896 curatorem,
359 3817 465 3876 tamen
492 3813 561 3899 ipse
589 3813 726 3897 experiri
749 3819 861 3896 potest.
914 3812 942 3877 si
964 3833 1040 3884 uero
1065 3819 1153 3878 actor
1177 3813 1257 3878 eius-
