3164 5338
504 394 747 457 -364-

55 571 187 631 alanum
209 566 361 630 bonorum
385 567 562 651 publicetur
578 567 670 632 durat
686 569 830 633 sooietas.
870 571 898 634 8.
916 567 950 632 si
966 567 1071 632 sooius
1086 568 1186 632 multo

82 711 144 755 uere
172 689 272 754 alieno
300 698 533 774 praegrauatus
566 693 633 757 siue
663 694 790 777 publioo
823 693 890 758 siue
923 693 1019 758 etiam
1051 693 1183 777 priuato,

80 815 159 880 bonis
174 815 237 879 suis
254 817 394 898 cesserit,
409 817 538 899 eiusque
554 825 670 883 ueneat
686 819 872 899 substantia,
890 818 1021 882 soluitur
1037 818 1182 883 societas.

79 940 1183 1026 sitamenpostoessionemsooiiiueademperseuerauerintsententia,

52 1073 273 1130 annueramus
289 1066 428 1150 incipere
453 1068 589 1132 societas
613 1068 745 1132 uidetur.
782 1073 810 1136 9.
836 1067 946 1133 Soeius
971 1068 1057 1132 sooio
1081 1073 1184 1131 utrum
1222 1074 1239 1124 5

77 1209 109 1253 eo
130 1189 252 1254 nomine
276 1197 396 1255 tantum
419 1197 565 1256 teneatur
583 1214 641 1276 pro
665 1194 750 1258 sosio
775 1193 897 1258 actione
922 1197 1029 1273 (quam
1049 1193 1184 1258 iuuioem

75 1313 180 1378 habent
209 1315 315 1400 sooii),
346 1316 373 1380 si
397 1317 472 1397 quid
496 1317 568 1382 dolo
593 1318 626 1382 in
649 1319 792 1382 fraudem
820 1318 981 1382 societatis
1011 1316 1182 1397 admiserit,

76 1437 145 1502 siout
166 1439 301 1504 diximus
325 1460 365 1505 ex
388 1441 461 1506 dolo
477 1448 598 1506 tantum
621 1443 723 1507 teneri
738 1442 873 1526 depositi
889 1443 1014 1506 actione
1031 1441 1084 1522 qui
1100 1439 1184 1524 apud

75 1583 103 1627 se
125 1564 261 1628 alienam
276 1585 343 1630 rem
359 1567 519 1649 deponere
536 1573 584 1631 est
604 1587 728 1651 passus,
753 1567 905 1653 apetiam
922 1568 1034 1649 eulpae
1051 1565 1184 1640 nomine,

73 1686 96 1751 h.
118 1709 141 1753 e.
165 1690 308 1754 desidiae
333 1697 427 1771 atque
451 1692 689 1774 neglegentiae,
719 1692 894 1772 quaesitum
919 1696 979 1755 est:
1005 1689 1185 1773 praeualuit
1204 1695 1240 1748 102

72 1819 167 1878 tamen
190 1815 287 1879 etiam
311 1815 424 1899 eulpae
447 1816 572 1880 nomine
596 1816 697 1880 teneri
714 1835 792 1879 eum.
828 1815 922 1899 eulpa
938 1821 1043 1879 autem
1062 1834 1126 1878 non
1142 1813 1183 1876 ad

72 1939 298 2003 exaotissimam
325 1939 521 2022 diligentiam
550 1940 717 2022 dirigenda
744 1947 806 2022 est3
836 1939 949 2004 suffieit
977 1939 1059 2003 enim
1087 1938 1184 2002 talem

71 2063 261 2146 diligentiam
288 2065 321 2128 in
349 2065 565 2130 eommunibus
592 2066 686 2130 rebus
715 2065 866 2130 adhibere
895 2065 1028 2146 sooium,
1058 2063 1183 2143 qualem

70 2188 127 2251 suis
148 2191 246 2254 rebus
269 2196 432 2272 praestare
457 2190 545 2254 solet.
580 2190 724 2270 namqui
739 2190 841 2254 minus
858 2189 1040 2272 diligentem
1064 2187 1183 2252 sooium

70 2313 124 2376 sibi
146 2314 323 2397 adsumpsit
339 2314 378 2379 de
399 2335 457 2378 sua
474 2320 623 2396 queratur
646 2314 788 2396 stultitia,
813 2319 921 2397 utpote
939 2313 992 2394 qui
1009 2319 1118 2378 auetor
1134 2312 1182 2376 sui
1202 2318 1238 2370 15

69 2435 167 2501 damni
191 2439 234 2503 sit
256 2439 368 2503 faetus.

385 3061 435 3124 De
458 3059 616 3124 mandato.
663 3061 785 3124 Titulus
810 3063 861 3127 26.

149 3219 303 3304 Superest
327 3241 367 3285 ex
391 3221 649 3302 obligationibus,
675 3240 756 3302 quae
773 3240 929 3285 consensu
949 3220 1184 3302 contrahuntur,

63 3344 252 3409 mandatum.
280 3345 313 3408 id
330 3352 434 3409 autem
452 3345 588 3425 quinque
604 3345 706 3409 modis
720 3345 926 3428 contrahitur3
950 3365 1024 3408 nam
1040 3351 1094 3408 aut
1109 3363 1183 3408 mea.

63 3473 181 3533 tautum
206 3470 312 3552 gratia
327 3470 385 3533 tibi
400 3470 525 3550 maudo,
551 3477 605 3534 aut
627 3489 700 3534 mea
723 3476 755 3534 et
769 3475 833 3550 tua,
858 3475 913 3533 aut
929 3469 1034 3533 aliena
1049 3475 1179 3550 tantum,

62 3600 112 3660 aut
128 3614 204 3658 mea
228 3601 259 3658 et
273 3594 388 3676 aliena,
413 3587 467 3658 aut
480 3600 534 3658 tua
551 3602 582 3658 et
598 3595 712 3660 aliena.
742 3615 815 3658 nam
829 3593 856 3658 si
871 3599 926 3657 tua
941 3599 1061 3657 tantum
1077 3594 1181 3676 gratia
1200 3597 1235 3649 20
