3164 5338
568 469 610 479 -
656 434 719 499 357
767 471 808 478 --

130 610 227 675 locati
255 609 351 692 actio,
380 609 561 675 conductori
588 629 663 675 nero
691 609 849 690 conducti,
879 609 971 674 alteri
998 609 1039 674 ad
1067 609 1244 676 mercedem

130 734 393 816 consequendam,
416 733 510 799 alteri
534 739 637 799 autem
654 732 696 798 ad
718 754 784 799 rem
800 734 862 798 sibi
877 733 1013 799 locatam
1030 733 1243 817 optinendam.

95 867 119 918 1.
134 864 160 925 i.
184 857 224 923 Et
251 879 332 939 quae
361 880 456 942 snpra
481 857 614 923 diximus
637 858 670 922 in
697 857 886 940 uenditione,
916 858 943 923 si
977 858 1081 923 alieno
1113 858 1242 923 arbitrio

129 983 224 1067 pretii
247 984 405 1064 quantitas
428 984 523 1048 fuerit
544 983 699 1067 permissa
723 983 848 1068 incluti:
873 983 928 1048 »sit
949 983 1008 1047 tibi
1030 983 1090 1048 hoo
1106 989 1243 1068 emptum

131 1107 241 1188 quanti
255 1107 356 1172 Titius
372 1108 624 1192 aestimarent),
644 1108 698 1172 ubi
713 1108 809 1172 otiam
825 1107 1031 1172 sacratissimi
1045 1107 1243 1190 imperatoris
1281 1116 1297 1167 5

131 1232 383 1297 constitutionem
405 1233 590 1313 rettulimus,
621 1252 661 1297 ex
685 1253 747 1314 qua
777 1237 954 1297 contractus
977 1231 1155 1296 substantia
1183 1228 1245 1295 dis·

129 1356 273 1420 tinctioni
295 1356 419 1421 cuidam
443 1357 604 1438 subicitur,
629 1357 740 1421 eadem
764 1356 802 1420 de
819 1357 975 1422 locatione
993 1361 1024 1420 et
1040 1354 1244 1420 conductione

130 1479 285 1562 dicantur,
297 1482 440 1562 quotiens
449 1481 553 1546 alieno
565 1481 695 1547 arbitrio
705 1481 859 1546 mercedis
870 1480 1028 1561 quantitas
1036 1480 1243 1564 permittatur,

37 1655 40 1660 .
130 1605 224 1669 sicuti
246 1611 278 1668 et
301 1606 443 1691 superius
466 1606 695 1689 proposuimus.
741 1605 768 1670 si
785 1605 854 1686 quis
870 1603 981 1670 fulloni
996 1604 1175 1688 poliendam
1192 1608 1246 1666 aut

130 1729 319 1794 sarcinatori
342 1729 539 1796 sarciendam
554 1737 675 1796 uestem
691 1729 828 1811 tradidit,
852 1729 939 1794 nulla
955 1729 1059 1793 statim
1077 1727 1246 1793 constituta
1266 1736 1300 1788 10

129 1854 293 1936 mercede,
328 1861 377 1919 set
408 1861 528 1920 tantum
561 1855 636 1920 dare
670 1854 845 1938 pollicitus,
878 1853 987 1934 quanti
1019 1858 1132 1936 postea
1165 1852 1247 1916 inter

129 1983 240 2061 partes
256 1979 446 2060 conuenerit,
470 1984 596 2043 nonest
618 1979 735 2044 locatio
759 1985 791 2043 et
806 1977 980 2059 conductio,
1005 1976 1149 2042 actalius
1173 1995 1245 2040 oon-

129 2108 251 2167 tractns
273 2110 401 2186 praeter
422 2102 621 2183 locationem,
650 2102 733 2168 unde
762 2103 856 2168 etiam
878 2102 1136 2187 praescriptis
1165 2119 1246 2165 uer-

131 2226 195 2291 bis
219 2227 301 2291 aotio
325 2227 424 2291 datur.
470 2233 502 2292 et
524 2247 615 2292 nemo
639 2233 728 2311 putet
755 2227 835 2292 bunc
864 2247 971 2292 casnm
998 2227 1167 2311 principali
1195 2225 1247 2290 de·

129 2351 255 2416 cisione
278 2349 413 2433 definiri;
437 2372 511 2416 nam
534 2351 660 2416 diversa
682 2352 766 2416 illius
790 2351 1019 2417 constitutionis
1044 2353 1166 2436 species
1190 2359 1246 2418 est.
1268 2366 1299 2417 15

129 2496 208 2540 nam
242 2475 286 2539 ita
321 2482 383 2540 est:
413 2475 481 2540 »sit
514 2476 586 2540 tibi
616 2482 777 2558 emptum
806 2477 940 2556 quanti
974 2477 1099 2542 Titius
1130 2477 1245 2542 aesti-

131 2600 325 2681 mauerit«,
359 2601 409 2665 hio
442 2607 561 2666 autem:
594 2601 657 2666 ‘sit
686 2601 757 2666 tibi
785 2601 949 2666 locatum
979 2601 1112 2682 quanti
1145 2600 1246 2666 inter

88 2729 330 2805 antrumque
366 2726 607 2790 conuenerit’.
662 2729 691 2792 2.
719 2726 807 2790 Adeo
842 2732 947 2790 antem
980 2725 1090 2790 eadem
1120 2746 1247 2809 prorsus

128 2848 167 2911 in
181 2847 362 2914 uenditioue
381 2855 413 2914 et
429 2850 585 2914 locatione
610 2857 810 2931 quaeruntur,
834 2857 877 2931 ut,
899 2850 991 2914 sicuti
1014 2849 1183 2931 ambigitur
1206 2871 1247 2914 an

128 2991 239 3036 rernm
264 2973 451 3054 permutatio
477 2973 615 3039 uenditio
638 2974 691 3056 sit,
719 2975 763 3038 ita
789 2980 820 3038 et
846 2975 878 3038 in
894 2974 1050 3038 locatione
1075 2974 1301 3055 quaeritante

127 3117 205 3161 oum
234 3116 300 3160 rem
328 3118 430 3162 meam
454 3097 592 3163 dederim
617 3099 673 3163 tibi
700 3099 848 3164 utendam
879 3099 945 3163 siue
973 3099 1151 3180 fruendam,
1183 3099 1248 3164 alia

128 3240 195 3301 que
219 3221 354 3286 inuicem
378 3244 399 3286 a
425 3229 456 3287 te
481 3223 557 3286 mibi
584 3223 700 3288 utenda
725 3223 897 3288 iruendaue
921 3224 997 3287 data
1019 3223 1123 3304 inerit,
1150 3243 1191 3287 an
1214 3223 1247 3286 id

127 3345 251 3410 locatio
286 3346 335 3412 sit.
395 3354 427 3411 et
460 3348 578 3431 placuit
615 3367 677 3413 non
712 3368 797 3429 esse,
838 3354 886 3412 set
919 3347 1079 3431 proprium
1118 3347 1247 3428 aliquod

128 3489 234 3552 genus
257 3478 443 3536 contractus.
481 3472 579 3536 ueluti
601 3472 634 3536 in
656 3472 715 3536 hac
739 3472 853 3556 specie.
892 3471 953 3536 duo
978 3471 1104 3552 quidam
1128 3471 1246 3538 adfines

126 3601 237 3659 erant:
269 3602 399 3676 uterque
429 3617 525 3661 uuum
553 3599 665 3662 bouem
688 3597 839 3661 babebat:
867 3603 978 3662 neuter
1004 3596 1100 3678 igitur
1122 3603 1248 3680 poterat
1266 3606 1300 3658 25
