3370 5350
628 403 862 470 -270-

187 591 263 658 enim
285 590 516 672 generationem
543 589 574 656 in
597 590 721 674 proprio
744 589 899 656 collocans
923 591 1031 657 ordine
1054 608 1218 657 xinnumerum
1244 591 1307 656 col·

187 709 270 792 liges.
314 711 398 790 qnod
419 710 461 774 ad
484 711 715 788 descendentes,
739 708 837 776 facilis
859 710 984 790 quidem
1006 729 1057 776 res
1080 717 1137 775 est.
1160 715 1196 775 ut
1217 727 1304 776 ecce:

187 827 264 894 filius
286 847 375 894 meus
396 835 492 910 quoto
513 828 588 894 mihi
610 834 660 895 est
680 827 805 910 gradu?
832 847 901 894 eum
925 847 982 911 ego
1005 831 1115 910 genui:
1145 847 1184 894 en
1210 847 1304 893 unam
1395 807 1397 812 ¹

186 949 414 1032 generationem
436 968 516 1032 quae
539 969 634 1016 unum
657 948 788 1032 perfecit
809 949 955 1032 gradum:
980 968 1054 1029 ergo
1081 949 1180 1032 primo
1203 949 1305 1030 gradu

186 1067 258 1132 mihi
280 1074 339 1133 est.
383 1076 479 1150 quoto
502 1066 622 1149 nepos?
643 1067 738 1134 filium
762 1086 819 1152 ego
842 1068 952 1150 genui,
982 1073 1125 1150 nepotem
1147 1065 1246 1132 filius:
1266 1085 1304 1131 en
1338 1078 1358 1130 u

187 1187 261 1252 duas
282 1189 511 1270 generationes,
533 1194 615 1268 quae
629 1188 707 1254 duos
722 1188 920 1270 perfecerunt
934 1188 1064 1268 gradus:
1087 1187 1225 1252 secundo
1246 1185 1305 1268 igi·

187 1313 236 1372 tur
256 1309 358 1389 gradu
381 1307 455 1372 mihi
476 1314 534 1374 est
578 1308 661 1374 idem
683 1315 715 1374 et
736 1307 881 1390 deinceps
905 1306 937 1372 in
960 1312 1131 1389 pronepote
1157 1314 1189 1372 et
1212 1305 1305 1372 abne·

185 1433 264 1508 pote
309 1428 430 1493 Pariter
452 1433 485 1492 et
506 1429 537 1492 io
560 1427 830 1494 adscendentibus.
874 1431 965 1509 pater
987 1432 1083 1508 quoto
1107 1432 1157 1490 est
1179 1424 1304 1506 gradui

185 1566 231 1613 me
252 1547 364 1628 genuit
384 1551 490 1628 pater:
517 1566 557 1612 en
583 1565 675 1612 unam
706 1546 936 1627 generationem
966 1565 1062 1610 unum
1092 1543 1302 1626 perficientem

185 1667 324 1748 gradum,
346 1665 393 1732 ita
413 1672 448 1732 nt
469 1667 568 1750 primo
591 1665 633 1730 sit
654 1667 764 1748 gradu.
808 1683 887 1732 auus
910 1667 1025 1746 quoto?
1054 1683 1103 1731 me
1129 1671 1221 1747 pater
1250 1669 1357 1746 gelo

186 1786 264 1863 uuit,
299 1793 421 1868 patrem
454 1804 547 1851 auus:
578 1805 616 1852 en
645 1785 723 1851 duas
752 1785 969 1866 generationes
999 1785 1076 1849 duos
1105 1782 1302 1866 perficientes

185 1907 314 1988 gradus:
345 1912 394 1972 est
415 1907 511 1986 igitur
532 1923 612 1971 auus
633 1905 734 1987 gradu
763 1905 910 1996 secundo.
962 1905 1044 1970 idem
1074 1905 1171 1970 etde
1202 1911 1302 1968 matre

185 2031 215 2090 et
234 2026 309 2090 ania
331 2034 364 2092 et
385 2025 527 2090 omnibus
549 2024 812 2092 adscendentibus
841 2022 941 2090 uirilis
971 2034 1002 2088 et
1032 2023 1171 2088 feminini
1200 2041 1300 2089 senus.
1353 2041 1354 2046 ¹

184 2145 263 2224 quod
286 2163 364 2210 uero
386 2144 426 2208 ad
448 2162 598 2224 personas
620 2163 658 2209 ex
680 2149 861 2210 transuerso
883 2143 1067 2225 cognatione
1096 2143 1236 2215 iunctas,
1267 2148 1303 2206 ut

184 2263 298 2331 dietum
323 2271 387 2344 est,
408 2263 448 2329 ad
470 2264 663 2345 cognationis
686 2281 785 2344 usque
807 2268 966 2328 auctorem
988 2281 1150 2328 recurrere
1179 2266 1301 2342 oportet
1322 2273 1354 2325 15

183 2401 217 2448 ac
238 2382 458 2466 generationes
479 2401 654 2464 numerare,
676 2389 709 2449 et
731 2401 840 2448 rursus
864 2383 1050 2448 descendere
1073 2387 1106 2448 et
1128 2383 1302 2463 generatio·

183 2521 235 2567 nes
256 2521 422 2569 recensere
444 2521 544 2586 usquc
563 2522 624 2586 quc
646 2503 686 2568 ad
713 2521 877 2586 personam
907 2503 1142 2586 perueniamus,
1172 2502 1210 2566 de
1241 2519 1303 2583 que
1356 2573 1359 2582 ,

183 2628 229 2698 est
249 2622 403 2704 quaestio.
426 2623 454 2688 si
470 2640 544 2706 ergo
566 2622 637 2704 quis
659 2631 691 2688 te
712 2622 966 2705 interrogauerit:
989 2622 1087 2688 irater
1109 2627 1182 2687 tuus
1205 2627 1301 2702 quoto

184 2742 238 2808 tibi
259 2748 311 2809 est
332 2726 457 2824 gradu?
479 2743 542 2808 dic:
565 2740 712 2808 secundo.
756 2743 834 2810 cur?
855 2743 1009 2808 adscende
1030 2743 1070 2806 ad
1093 2748 1231 2824 patrem;
1263 2760 1301 2806 on

183 2881 272 2928 unam
296 2864 528 2946 generationem
551 2881 571 2928 a
592 2869 682 2944 patre
704 2861 745 2926 ad
766 2869 798 2928 te
820 2880 915 2927 unum
930 2859 1138 2944 perficientem
1154 2861 1300 2942 gradum:
1319 2860 1357 2912 2⁰

183 2981 313 3058 deinde,
350 3001 419 3048 cum
457 2983 665 3065 generationis
705 2987 864 3049 auctorem
903 2981 1062 3046 inueneris
1096 2980 1136 3046 ad
1172 2979 1301 3044 fratrem

183 3098 336 3168 descende
358 3119 451 3167 unam
479 3101 597 3167 addens
626 3100 873 3183 generationem:
909 3120 947 3166 en
976 3101 1053 3166 duas
1082 3099 1300 3180 generationes

182 3219 257 3286 duos
288 3219 406 3302 gradus
433 3193 641 3301 perficientes:
669 3226 753 3286 recte
786 3239 860 3301 ergo
891 3220 1005 3285 dicitnr
1032 3219 1129 3284 frater
1165 3219 1301 3285 secundo

182 3357 248 3406 esse
276 3341 390 3424 gradu.
433 3346 466 3407 et
495 3342 597 3406 denuo
619 3343 645 3406 si
672 3341 742 3424 quis
772 3348 804 3406 te
830 3341 1014 3422 interroget:
1042 3344 1175 3422 patruus
1205 3345 1304 3421 quoto
