3328 5318
589 370 830 432 —457—

154 545 238 621 sunt,
267 547 459 624 competunt,
483 545 680 607 transeamus
711 543 752 606 ad
780 543 875 607 aliam
903 544 1075 608 materiam.
1129 550 1159 608 et
1188 546 1268 608 scire

155 671 279 748 oportet
300 686 395 750 posse
418 687 475 732 nos
499 667 614 732 iudicio
639 687 735 750 agere
760 675 814 732 aut
836 687 893 751 per
916 675 1039 732 nosmet
1062 667 1163 751 ipsos,
1187 669 1269 733 idest

154 797 284 854 nostro
311 791 470 874 nomine,
499 798 554 856 aut
575 811 632 875 per
655 793 749 874 alios,
776 793 858 856 idest
881 793 1007 857 alieno
1036 794 1193 857 nomine.
1240 799 1271 858 et

154 915 259 979 alieno
287 916 411 980 nominc
439 916 574 998 agimus,
608 917 706 980 ueluti
740 923 774 980 ut
807 924 1028 1000 procuratores
1062 923 1182 982 tutores
1217 919 1297 981 uel.

155 1045 331 1104 curatores:
357 1060 397 1104 ex
420 1041 487 1105 inre
510 1041 664 1121 nimirum,
688 1042 773 1122 quod
796 1041 887 1106 bodie
912 1041 1040 1125 optinet.
1087 1043 1161 1106 olim
1186 1043 1268 1106 enim
1309 1057 1323 1105 5

151 1165 188 1226 in
211 1183 269 1228 usu
292 1183 354 1227 non
377 1171 445 1228 erat
468 1165 572 1228 alieno
595 1165 719 1229 nomine
745 1185 855 1248 agere,
883 1166 944 1230 nisi
968 1186 1008 1229 cx
1032 1167 1127 1230 certis
1151 1168 1270 1246 causis,

156 1295 190 1350 ut
208 1307 282 1352 ecoe
298 1308 363 1370 pro
388 1289 526 1371 populo
545 1290 614 1368 quis
630 1289 716 1353 litem
732 1291 810 1354 inire
826 1296 960 1373 poterat,
986 1296 1040 1354 aut
1063 1311 1129 1373 pro
1153 1291 1271 1354 liber-

155 1420 243 1476 tate.
295 1433 368 1476 nam
397 1433 466 1476 cum
494 1414 563 1492 quis
592 1413 624 1476 in
651 1415 851 1504 possessione
880 1421 964 1478 esset
992 1415 1151 1478 seruitutis
1181 1421 1212 1478 et
1240 1415 1271 1478 in

155 1527 335 1601 libertatem
358 1538 577 1620 proclamaret,
600 1559 663 1602 non
686 1545 810 1620 poterat
833 1539 902 1621 ipse
918 1558 1024 1622 agere,
1049 1559 1089 1602 ne
1112 1539 1193 1602 forte
1217 1538 1271 1602 lite

156 1668 342 1743 contestata,
367 1682 476 1726 seruus
500 1683 571 1726 esse
594 1664 782 1745 probaretur
800 1670 832 1728 et
854 1665 943 1727 fieret
966 1669 1000 1726 ut
1024 1683 1134 1726 seruus
1158 1682 1271 1744 reapse
1292 1675 1325 1726 10

156 1807 228 1850 cum
252 1787 375 1850 domino
399 1793 517 1868 ageret.
564 1794 595 1850 et
618 1787 689 1851 ideo
713 1788 794 1852 alius
820 1809 877 1870 pro
901 1808 938 1852 ec
963 1787 1111 1851 indicium
1136 1787 1271 1866 subibat,

157 1912 212 1992 qui
236 1910 398 1974 dicebatur
425 1911 606 1975 adsertor.
652 1912 727 1976 item
751 1912 845 1976 etiam
874 1931 938 1994 pro
967 1912 1098 1975 tutela.
1145 1910 1272 1993 saepius

157 2036 241 2100 enim
263 2035 369 2114 fiebat,
393 2041 428 2098 ut
449 2035 587 2117 pupillus
610 2041 712 2099 tutore
736 2036 893 2118 indigeret
916 2041 948 2099 et
971 2037 1031 2099 duo
1050 2035 1273 2100 contenderent

158 2167 228 2224 uter
261 2159 391 2223 tutelam
426 2159 585 2242 suscipere
620 2161 756 2225 deberet.
803 2168 890 2244 patet
923 2162 1108 2225 alterutrum
1147 2161 1272 2223 uincere

158 2272 314 2348 debuisse.
365 2283 420 2368 qui
453 2283 560 2364 itaque
595 2284 696 2348 uictus
730 2285 834 2349 fuerat
868 2285 971 2348 alieno
1008 2284 1133 2348 nomine
1169 2284 1272 2365 egisse
1293 2295 1325 2346 15

159 2409 337 2489 uidebatur,
361 2428 428 2491 pro
451 2409 572 2472 tutela
595 2428 716 2491 nempe,
740 2428 822 2489 quae
846 2408 887 2471 ad
911 2428 981 2472 eum
1005 2427 1067 2472 non
1084 2407 1271 2490 pertinebat.

158 2533 250 2598 sicuti
273 2532 337 2596 litis
352 2532 422 2596 finis
448 2532 591 2596 ostendit.
630 2533 683 2596 lex
698 2531 834 2596 Hostilia
858 2532 1009 2614 permisit,
1035 2538 1077 2611 ut,
1103 2531 1130 2595 si
1154 2551 1271 2612 eorum,

159 2659 212 2738 qui
235 2657 320 2740 apud
347 2657 454 2720 hostes
482 2663 587 2720 essent
609 2657 661 2721 uel
685 2657 738 2736 qui
765 2656 959 2739 reipublicae
988 2677 1085 2720 causa
1115 2658 1272 2734 abessent,

158 2803 210 2846 res
233 2782 361 2846 ablatae
385 2787 501 2861 essent,
531 2781 616 2860 turti,
642 2781 695 2860 qui
718 2781 824 2861 uellet,
849 2787 967 2862 ageret.
1014 2788 1062 2844 set
1086 2788 1117 2844 et
1140 2781 1167 2843 si
1190 2787 1274 2844 tutor

157 2907 288 2970 fuissem
310 2905 431 2988 pupilli,
457 2906 510 2986 qui
533 2925 581 2968 me
606 2905 691 2987 apud
713 2906 818 2969 hostes
836 2905 1004 2968 constituto
1022 2905 1110 2968 reiue
1126 2904 1273 2987 publicae
1293 2920 1328 2971 20

159 3051 258 3094 causa
274 3032 415 3110 absente,
432 3031 547 3094 furtum
566 3037 650 3093 esset
661 3028 785 3112 passus,
810 3049 911 3109 aeque
924 3029 978 3109 qui
996 3029 1133 3108 uolebat,
1158 3028 1231 3091 furti
1245 3028 1275 3091 ei

159 3154 242 3218 actio
266 3161 343 3218 erat.
380 3160 411 3218 et
435 3154 510 3234 quia
533 3154 591 3218 boc
614 3173 676 3217 non
692 3153 852 3217 minimam
871 3153 1159 3217 incommoditatem
1179 3152 1274 3215 habe-

159 3281 215 3342 bat
249 3279 333 3359 quod
362 3296 453 3342 uerno
483 3283 609 3360 poterat
639 3278 743 3342 alieno
770 3278 896 3342 nomine
922 3296 1026 3358 neque
1052 3296 1147 3357 agere
1172 3295 1274 3355 neque

160 3403 316 3467 actionem
328 3401 485 3485 excipere,
502 3407 673 3485 coeperunt
687 3402 829 3466 homines
841 3422 898 3484 per
910 3408 1128 3484 procuratores
1140 3401 1274 3482 litigare.

159 3527 315 3591 interdum
331 3527 412 3590 enim
429 3533 484 3590 aut
495 3527 621 3590 morbus
632 3533 686 3592 aut
701 3532 790 3590 aetas
802 3534 857 3589 aut
868 3526 1052 3590 necessaria
1063 3497 1274 3607 peregrinatio
1295 3541 1327 3590 25

159 3652 298 3731 itemque
326 3651 408 3714 aliae
435 3651 552 3714 multae
583 3670 699 3714 causae
733 3649 955 3732 impedimento
987 3655 1073 3729 sunt,
1110 3647 1274 3728 quominus

124 3795 149 3846 1.
160 3775 261 3858 possit
288 3775 351 3839 litis
382 3774 525 3839 dominus
548 3773 616 3857 ipsc
640 3773 672 3838 in
695 3773 843 3838 iudicium
871 3774 988 3838 uenire.
1038 3777 1064 3838 1.
1088 3774 1276 3837 Procurator
