3384 5314
589 389 829 450 —477-

150 560 343 641 emptore':
370 565 424 622 aut
448 561 547 639 ‘quia
570 561 607 624 iu
630 562 752 626 dotem
775 562 863 626 mihi
887 561 974 625 data
998 562 1079 626 est’:
1105 567 1136 626 et
1159 562 1266 625 titulus

150 688 197 746 est
222 687 296 765 ‘pro
322 685 432 748 dote’:
458 692 511 750 aut
536 688 632 766 ‘quia
655 688 744 750 mihi
768 688 898 769 legata
922 688 1002 751 est':
1032 694 1063 751 et
1085 687 1194 751 titulus
1219 694 1267 751 est
1311 667 1313 678 ’

152 812 227 890 ‘pro
262 809 413 891 legato'.
460 811 492 873 in
521 812 579 875 hoc
613 818 716 876 autem
745 833 821 876 casu
855 813 1065 894 interrogatus
1098 812 1143 876 ait
1167 813 1267 893 ‘quia

150 952 203 995 me
231 933 409 998 heredem
439 955 524 999 esse
552 937 651 1018 puto'
677 945 708 1001 ct
736 937 849 1001 dicitur
873 941 949 1020 ‘pro
978 937 1136 1000 herede’.
1189 936 1266 1012 Quis

150 1065 253 1122 autem
273 1079 339 1142 pro
363 1079 589 1142 possessore
613 1061 775 1144 possidet?
801 1063 872 1125 Pro
896 1081 1119 1145 possessore
1144 1062 1265 1142 dicitur,
1304 1073 1319 1123 5

150 1183 203 1262 qui
227 1183 259 1245 ui
282 1183 386 1265 rapuit
402 1191 433 1246 et
448 1184 566 1247 nullam
582 1185 695 1248 iustam
712 1205 841 1248 causam
856 1185 1065 1267 possessionis
1082 1183 1266 1267 praesefert,

151 1307 204 1387 qui
226 1307 440 1388 interrogatus
464 1329 519 1371 cur
543 1308 720 1390 possideat,
745 1308 928 1391 respondet:
954 1309 1050 1388 ‘quia
1078 1309 1265 1409 possideo'

151 1437 182 1494 et
216 1431 493 1512 interrogationem
526 1433 626 1515 ipsam
661 1433 694 1495 iu
728 1433 963 1515 responsionem
999 1433 1160 1496 conuertit.
1217 1433 1266 1496 hic

150 1555 246 1637 igitur
274 1559 350 1637 ‘pro
383 1559 616 1654 possessore'
647 1557 760 1620 dicitur
794 1557 971 1638 possidere,
1003 1577 1105 1636 neque
1138 1557 1268 1620 interest

151 1685 252 1742 utrum
287 1687 383 1744 totam
418 1681 580 1763 possideat
611 1682 831 1762 hereditatem,
866 1702 906 1744 an
941 1703 1035 1744 unam
1069 1702 1144 1746 rem.
1195 1682 1266 1746 ideo
1288 1693 1321 1745 10

152 1813 255 1870 autem
276 1805 550 1888 adipiscendae
574 1807 835 1889 possessionis
851 1808 899 1870 uis
923 1785 1086 1871 interdicto
1104 1811 1267 1887 ‘quorum

152 1931 339 1993 bonorum'
366 1931 523 2012 tribuitur,
552 1931 626 2010 quia
649 1932 733 1995 utilis
762 1939 810 1995 est
833 1933 876 2013 ei,
907 1932 959 2012 qui
983 1932 1115 2014 primum
1143 1951 1267 2014 posses-

152 2055 272 2117 sionem
297 2054 430 2136 adipisci
457 2055 541 2118 uelit.
589 2056 750 2119 Eiusmodi
778 2062 826 2119 est
855 2057 1031 2120 saluianum
1060 2056 1266 2136 interdictum,

153 2179 236 2259 quod
259 2178 347 2242 tundi
371 2179 495 2242 domino
520 2180 612 2244 datur
635 2181 787 2244 aduersus
811 2182 970 2262 colonum,
1000 2182 1053 2261 qui
1080 2188 1191 2264 paetus
1220 2188 1268 2244 est

152 2324 202 2367 res
226 2325 245 2366 a
269 2324 303 2366 se
324 2304 356 2366 iu
380 2305 507 2367 fundum
532 2305 648 2368 inlatas
671 2305 795 2388 pigneri
818 2326 875 2388 pro
901 2306 1044 2370 mercede
1072 2306 1149 2369 fore.
1195 2327 1267 2368 uam
1288 2314 1320 2364 15

154 2429 180 2492 si
208 2428 331 2491 soluere
367 2428 555 2508 neglexerit,
590 2429 740 2492 aduersus
776 2429 959 2510 quemlibet,
994 2429 1047 2508 qui
1079 2449 1129 2491 res
1165 2429 1268 2492 coloni

153 2553 306 2632 detineat,
343 2551 519 2616 saluianum
554 2553 751 2616 interdictum
787 2558 951 2635 competet.
1010 2553 1036 2615 si
1072 2553 1140 2632 quis
1172 2553 1268 2634 igitur

152 2677 284 2759 primum
323 2677 555 2758 possessionem
591 2676 741 2755 consequi
780 2676 872 2757 uelit,
911 2675 1083 2739 interdictis
1124 2676 1268 2758 adipis-

154 2800 296 2865 cendae
320 2801 579 2882 possessionis
604 2800 740 2883 experiri
764 2800 871 2863 dehet:
896 2801 1078 2881 sinautem,
1102 2807 1268 2882 postquam

153 2946 223 2989 eam
247 2925 415 2989 adsecutus
439 2925 545 3005 fuerit,
570 2924 704 3005 amittat,
733 2924 773 2987 ad
798 2925 964 2989 interdicta
992 2925 1267 3006 reciperandae
1287 2937 1322 2988 20

116 3049 411 3132 4.p0ssessi0nis
436 3068 505 3112 sese
530 3056 713 3112 conuertere
738 3049 839 3112 debet.
878 3054 907 3114 4.
932 3049 1009 3113 Cum
1034 3049 1072 3113 de
1096 3049 1268 3113 interdictis

154 3173 425 3256 adipiscendae
450 3174 710 3254 possessionis
734 3174 830 3237 locuti
853 3174 957 3254 simus,
982 3173 1021 3237 de
1044 3172 1268 3236 retinendae

153 3298 414 3381 possessionis
449 3298 622 3361 interdictis
658 3298 870 3381 dispiciamus.
920 3298 1074 3362 eiusmodi
1102 3302 1150 3361 est
1176 3297 1269 3360 inter-

154 3423 269 3486 dictum
293 3421 362 3484 ‘uti
396 3422 613 3504 possidetis'
644 3429 674 3486 et
702 3422 857 3494 ‘utrubit
904 3422 988 3501 quod
1015 3422 1048 3484 in
1076 3422 1134 3518 hac
1163 3421 1268 3504 specie

152 3548 255 3611 locum
293 3546 397 3609 habet.
459 3565 582 3608 seruum
618 3547 773 3626 quendam
808 3552 975 3628 praesente
1009 3553 1041 3610 te
1076 3545 1270 3628 adprehendi
1289 3557 1322 3609 25

153 3671 261 3735 dicens
290 3691 360 3734 eum
395 3692 519 3736 seruum
554 3692 656 3735 meum
684 3693 769 3754 esse,
803 3693 870 3736 cum
900 3679 933 3736 tu
961 3691 1121 3736 assereres
1144 3677 1174 3735 te
1199 3691 1268 3735 esse
