<?xml version="1.0" encoding="UTF-8"?>
<!DOCTYPE html PUBLIC "-//W3C//DTD XHTML 1.0 Transitional//EN"
    "http://www.w3.org/TR/xhtml1/DTD/xhtml1-transitional.dtd">
<html xmlns="http://www.w3.org/1999/xhtml" xml:lang="en" lang="en">
 <head>
  <title>
</title>
<meta http-equiv="Content-Type" content="text/html;charset=utf-8" />
  <meta name='ocr-system' content='tesseract 3.04.00' />
  <meta name='ocr-capabilities' content='ocr_page ocr_carea ocr_par ocr_line ocrx_word'/>
</head>
<body>
  <div class='ocr_page' id='page_1' title='image "./institutionumgr01linggoog_0175.png"; bbox 0 0 3164 5338; ppageno 0'>
   <div class='ocr_carea' id='block_1_1' title="bbox 571 421 802 484">
    <p class='ocr_par' dir='ltr' id='par_1_1' title="bbox 571 421 802 484">
     <span class='ocr_line' id='line_1_1' title="bbox 571 421 802 484; baseline -0.004 0"><span class='ocrx_word' id='word_1_1' title='bbox 571 421 802 484; x_wconf 84' lang='grc'><strong>-331-</strong></span> 
     </span>
    </p>
   </div>
   <div class='ocr_carea' id='block_1_2' title="bbox 49 605 1296 3680">
    <p class='ocr_par' dir='ltr' id='par_1_2' title="bbox 101 605 1243 808">
     <span class='ocr_line' id='line_1_2' title="bbox 101 605 1243 686; baseline 0.003 -20"><span class='ocrx_word' id='word_1_2' title='bbox 101 615 103 620; x_wconf 85' lang='grc'><strong>’</strong></span> <span class='ocrx_word' id='word_1_3' title='bbox 143 607 235 667; x_wconf 69' lang='lat' dir='ltr'>auum</span> <span class='ocrx_word' id='word_1_4' title='bbox 268 622 337 668; x_wconf 89' lang='lat' dir='ltr'>esse</span> <span class='ocrx_word' id='word_1_5' title='bbox 368 622 430 668; x_wconf 94' lang='lat' dir='ltr'>non</span> <span class='ocrx_word' id='word_1_6' title='bbox 463 609 569 686; x_wconf 88' lang='lat' dir='ltr'>potest</span> <span class='ocrx_word' id='word_1_7' title='bbox 594 605 747 671; x_wconf 90' lang='lat' dir='ltr'>eiusmodi</span> <span class='ocrx_word' id='word_1_8' title='bbox 775 609 835 670; x_wconf 90' lang='lat' dir='ltr'>est:</span> <span class='ocrx_word' id='word_1_9' title='bbox 877 605 1118 686; x_wconf 75' lang='lat' dir='ltr'>»Spondesne</span> <span class='ocrx_word' id='word_1_10' title='bbox 1150 606 1243 670; x_wconf 93' lang='lat' dir='ltr'>mihi</span> 
     </span>
     <span class='ocr_line' id='line_1_3' title="bbox 142 723 1241 808; baseline 0.003 -22"><span class='ocrx_word' id='word_1_11' title='bbox 142 723 478 804; x_wconf 79' lang='lat' dir='ltr'>hippocentaurum</span> <span class='ocrx_word' id='word_1_12' title='bbox 501 726 635 803; x_wconf 78' lang='lat' dir='ltr'>dare«,</span> <span class='ocrx_word' id='word_1_13' title='bbox 666 727 719 808; x_wconf 94' lang='lat' dir='ltr'>qui</span> <span class='ocrx_word' id='word_1_14' title='bbox 745 745 814 792; x_wconf 87' lang='lat' dir='ltr'>esse</span> <span class='ocrx_word' id='word_1_15' title='bbox 839 727 956 807; x_wconf 90' lang='lat' dir='ltr'>nequit.</span> <span class='ocrx_word' id='word_1_16' title='bbox 991 726 1110 790; x_wconf 89' lang='lat' dir='ltr'>inutilis</span> <span class='ocrx_word' id='word_1_17' title='bbox 1136 726 1241 807; x_wconf 91' lang='lat' dir='ltr'>igitur,</span> 
     </span>
    </p>

    <p class='ocr_par' dir='ltr' id='par_1_3' title="bbox 108 842 1277 1404">
     <span class='ocr_line' id='line_1_4' title="bbox 108 842 1243 928; baseline 0.005 -24"><span class='ocrx_word' id='word_1_18' title='bbox 108 855 127 905; x_wconf 88' lang='lat' dir='ltr'>a.</span> <span class='ocrx_word' id='word_1_19' title='bbox 143 843 183 905; x_wconf 93' lang='lat' dir='ltr'>uti</span> <span class='ocrx_word' id='word_1_20' title='bbox 201 842 341 920; x_wconf 79' lang='lat' dir='ltr'><strong>diximus,</strong></span> <span class='ocrx_word' id='word_1_21' title='bbox 364 843 543 909; x_wconf 91' lang='lat' dir='ltr'>huiusmodi</span> <span class='ocrx_word' id='word_1_22' title='bbox 566 846 736 928; x_wconf 82' lang='lat' dir='ltr'>stipulatio.</span> <span class='ocrx_word' id='word_1_23' title='bbox 774 849 802 910; x_wconf 76' lang='lat' dir='ltr'>h.</span> <span class='ocrx_word' id='word_1_24' title='bbox 826 846 914 910; x_wconf 84' lang='lat' dir='ltr'>Idem</span> <span class='ocrx_word' id='word_1_25' title='bbox 936 849 985 910; x_wconf 84' lang='lat' dir='ltr'>est</span> <span class='ocrx_word' id='word_1_26' title='bbox 1007 846 1101 910; x_wconf 90' lang='lat' dir='ltr'>etiam</span> <span class='ocrx_word' id='word_1_27' title='bbox 1124 846 1151 910; x_wconf 90' lang='lat' dir='ltr'>si</span> <span class='ocrx_word' id='word_1_28' title='bbox 1174 847 1243 926; x_wconf 90' lang='lat' dir='ltr'>quis</span> 
     </span>
     <span class='ocr_line' id='line_1_5' title="bbox 140 961 1244 1047; baseline 0.004 -23"><span class='ocrx_word' id='word_1_29' title='bbox 140 980 198 1025; x_wconf 90' lang='lat' dir='ltr'>rem</span> <span class='ocrx_word' id='word_1_30' title='bbox 222 961 318 1027; x_wconf 89' lang='lat' dir='ltr'>fuerit</span> <span class='ocrx_word' id='word_1_31' title='bbox 346 965 515 1046; x_wconf 90' lang='lat' dir='ltr'>stipulatus</span> <span class='ocrx_word' id='word_1_32' title='bbox 543 983 665 1030; x_wconf 90' lang='lat' dir='ltr'>sacram</span> <span class='ocrx_word' id='word_1_33' title='bbox 692 969 747 1030; x_wconf 92' lang='lat' dir='ltr'>aut</span> <span class='ocrx_word' id='word_1_34' title='bbox 775 966 967 1047; x_wconf 84' lang='lat' dir='ltr'>religiosam,</span> <span class='ocrx_word' id='word_1_35' title='bbox 996 983 1090 1046; x_wconf 91' lang='lat' dir='ltr'>quam</span> <span class='ocrx_word' id='word_1_36' title='bbox 1115 963 1244 1030; x_wconf 92' lang='lat' dir='ltr'>humani</span> 
     </span>
     <span class='ocr_line' id='line_1_6' title="bbox 139 1080 1277 1167; baseline 0.003 -23"><span class='ocrx_word' id='word_1_37' title='bbox 139 1080 207 1145; x_wconf 86' lang='lat' dir='ltr'>iun&#39;s</span> <span class='ocrx_word' id='word_1_38' title='bbox 233 1100 301 1148; x_wconf 88' lang='lat' dir='ltr'>esse</span> <span class='ocrx_word' id='word_1_39' title='bbox 323 1084 496 1162; x_wconf 87' lang='lat' dir='ltr'>crederem,</span> <span class='ocrx_word' id='word_1_40' title='bbox 524 1085 575 1150; x_wconf 92' lang='lat' dir='ltr'>uel</span> <span class='ocrx_word' id='word_1_41' title='bbox 603 1085 775 1167; x_wconf 85' lang='lat' dir='ltr'>publicam,</span> <span class='ocrx_word' id='word_1_42' title='bbox 799 1103 879 1166; x_wconf 90' lang='lat' dir='ltr'>quae</span> <span class='ocrx_word' id='word_1_43' title='bbox 908 1085 1016 1167; x_wconf 89' lang='lat' dir='ltr'>populi</span> <span class='ocrx_word' id='word_1_44' title='bbox 1038 1085 1148 1150; x_wconf 89' lang='lat' dir='ltr'>usibus</span> <span class='ocrx_word' id='word_1_45' title='bbox 1175 1098 1277 1165; x_wconf 80' lang='lat' dir='ltr'>per-o</span> 
     </span>
     <span class='ocr_line' id='line_1_7' title="bbox 139 1202 1244 1287; baseline 0.003 -23"><span class='ocrx_word' id='word_1_46' title='bbox 139 1205 224 1281; x_wconf 90' lang='lat' dir='ltr'>petuo</span> <span class='ocrx_word' id='word_1_47' title='bbox 249 1202 292 1266; x_wconf 89' lang='lat' dir='ltr'>sit</span> <span class='ocrx_word' id='word_1_48' title='bbox 314 1202 472 1268; x_wconf 87' lang='lat' dir='ltr'>destinata</span> <span class='ocrx_word' id='word_1_49' title='bbox 498 1223 553 1271; x_wconf 89' lang='lat' dir='ltr'>seu</span> <span class='ocrx_word' id='word_1_50' title='bbox 581 1205 738 1287; x_wconf 82' lang='lat' dir='ltr'>exposita,</span> <span class='ocrx_word' id='word_1_51' title='bbox 768 1205 867 1270; x_wconf 89' lang='lat' dir='ltr'>ueluti</span> <span class='ocrx_word' id='word_1_52' title='bbox 889 1204 991 1270; x_wconf 87' lang='lat' dir='ltr'>lorum</span> <span class='ocrx_word' id='word_1_53' title='bbox 1013 1204 1172 1268; x_wconf 87' lang='lat' dir='ltr'>theatrum</span> <span class='ocrx_word' id='word_1_54' title='bbox 1195 1223 1244 1285; x_wconf 89' lang='lat' dir='ltr'>cy·</span> 
     </span>
     <span class='ocr_line' id='line_1_8' title="bbox 137 1320 1245 1404; baseline 0.003 -21"><span class='ocrx_word' id='word_1_55' title='bbox 137 1320 255 1400; x_wconf 84' lang='lat' dir='ltr'>aegium</span> <span class='ocrx_word' id='word_1_56' title='bbox 278 1326 310 1385; x_wconf 91' lang='lat' dir='ltr'>et</span> <span class='ocrx_word' id='word_1_57' title='bbox 331 1327 436 1386; x_wconf 90' lang='lat' dir='ltr'>cetera</span> <span class='ocrx_word' id='word_1_58' title='bbox 457 1323 490 1387; x_wconf 95' lang='lat' dir='ltr'>id</span> <span class='ocrx_word' id='word_1_59' title='bbox 512 1342 620 1404; x_wconf 77' lang='lat' dir='ltr'>genoe,</span> <span class='ocrx_word' id='word_1_60' title='bbox 647 1325 699 1389; x_wconf 92' lang='lat' dir='ltr'>uel</span> <span class='ocrx_word' id='word_1_61' title='bbox 720 1324 854 1388; x_wconf 86' lang='lat' dir='ltr'>liberum</span> <span class='ocrx_word' id='word_1_62' title='bbox 875 1324 1041 1401; x_wconf 91' lang='lat' dir='ltr'>hominem,</span> <span class='ocrx_word' id='word_1_63' title='bbox 1065 1341 1159 1404; x_wconf 89' lang='lat' dir='ltr'>quem</span> <span class='ocrx_word' id='word_1_64' title='bbox 1180 1341 1245 1388; x_wconf 89' lang='lat' dir='ltr'>ser-</span> 
     </span>
    </p>

    <p class='ocr_par' dir='ltr' id='par_1_4' title="bbox 49 1442 1245 1522">
     <span class='ocr_line' id='line_1_9' title="bbox 49 1442 1245 1522; baseline 0.003 -20"><span class='ocrx_word' id='word_1_65' title='bbox 49 1451 53 1462; x_wconf 86' lang='lat'>&#39;</span> <span class='ocrx_word' id='word_1_66' title='bbox 138 1459 205 1503; x_wconf 90' lang='lat' dir='ltr'>uum</span> <span class='ocrx_word' id='word_1_67' title='bbox 226 1459 296 1505; x_wconf 91' lang='lat' dir='ltr'>esse</span> <span class='ocrx_word' id='word_1_68' title='bbox 316 1446 473 1522; x_wconf 85' lang='lat' dir='ltr'>putarem,</span> <span class='ocrx_word' id='word_1_69' title='bbox 495 1443 548 1507; x_wconf 93' lang='lat' dir='ltr'>uel</span> <span class='ocrx_word' id='word_1_70' title='bbox 570 1462 636 1508; x_wconf 91' lang='lat' dir='ltr'>rem</span> <span class='ocrx_word' id='word_1_71' title='bbox 659 1445 748 1509; x_wconf 89' lang='lat' dir='ltr'>cuius</span> <span class='ocrx_word' id='word_1_72' title='bbox 771 1443 991 1508; x_wconf 85' lang='lat' dir='ltr'>commercium</span> <span class='ocrx_word' id='word_1_73' title='bbox 1013 1462 1075 1507; x_wconf 90' lang='lat' dir='ltr'>non</span> <span class='ocrx_word' id='word_1_74' title='bbox 1096 1442 1245 1506; x_wconf 91' lang='lat' dir='ltr'>haberem</span> 
     </span>
    </p>

    <p class='ocr_par' dir='ltr' id='par_1_5' title="bbox 137 1560 1244 1646">
     <span class='ocr_line' id='line_1_10' title="bbox 137 1560 1244 1646; baseline 0 -21"><span class='ocrx_word' id='word_1_75' title='bbox 137 1560 174 1642; x_wconf 85' lang='lat' dir='ltr'>(h.</span> <span class='ocrx_word' id='word_1_76' title='bbox 189 1580 214 1625; x_wconf 92' lang='lat' dir='ltr'>e.</span> <span class='ocrx_word' id='word_1_77' title='bbox 230 1579 334 1626; x_wconf 91' lang='lat' dir='ltr'>emere</span> <span class='ocrx_word' id='word_1_78' title='bbox 348 1581 410 1626; x_wconf 93' lang='lat' dir='ltr'>non</span> <span class='ocrx_word' id='word_1_79' title='bbox 425 1564 573 1646; x_wconf 89' lang='lat' dir='ltr'>possem).</span> <span class='ocrx_word' id='word_1_80' title='bbox 608 1565 874 1628; x_wconf 88' lang='lat' dir='ltr'>commercium</span> <span class='ocrx_word' id='word_1_81' title='bbox 897 1569 1003 1629; x_wconf 87' lang='lat' dir='ltr'>autem</span> <span class='ocrx_word' id='word_1_82' title='bbox 1026 1569 1074 1628; x_wconf 93' lang='lat' dir='ltr'>est</span> <span class='ocrx_word' id='word_1_83' title='bbox 1088 1561 1244 1627; x_wconf 89' lang='lat' dir='ltr'>uendendi</span> 
     </span>
    </p>

    <p class='ocr_par' dir='ltr' id='par_1_6' title="bbox 136 1680 1296 1765">
     <span class='ocr_line' id='line_1_11' title="bbox 136 1680 1296 1765; baseline 0 -22"><span class='ocrx_word' id='word_1_84' title='bbox 136 1680 313 1762; x_wconf 87' lang='lat' dir='ltr'>emendique</span> <span class='ocrx_word' id='word_1_85' title='bbox 334 1682 397 1747; x_wconf 90' lang='lat' dir='ltr'>ius:</span> <span class='ocrx_word' id='word_1_86' title='bbox 422 1687 497 1747; x_wconf 90' lang='lat' dir='ltr'>sunt</span> <span class='ocrx_word' id='word_1_87' title='bbox 518 1686 624 1747; x_wconf 87' lang='lat' dir='ltr'>autem</span> <span class='ocrx_word' id='word_1_88' title='bbox 646 1702 696 1747; x_wconf 89' lang='lat' dir='ltr'>res</span> <span class='ocrx_word' id='word_1_89' title='bbox 719 1682 882 1765; x_wconf 90' lang='lat' dir='ltr'>quaedam,</span> <span class='ocrx_word' id='word_1_90' title='bbox 910 1701 1044 1764; x_wconf 89' lang='lat' dir='ltr'>quarum</span> <span class='ocrx_word' id='word_1_91' title='bbox 1065 1701 1128 1746; x_wconf 93' lang='lat' dir='ltr'>non</span> <span class='ocrx_word' id='word_1_92' title='bbox 1150 1680 1245 1745; x_wconf 90' lang='lat' dir='ltr'>habet</span> <span class='ocrx_word' id='word_1_93' title='bbox 1265 1695 1296 1743; x_wconf 87' lang='lat' dir='ltr'>ro</span> 
     </span>
    </p>

    <p class='ocr_par' dir='ltr' id='par_1_7' title="bbox 132 1801 1245 2243">
     <span class='ocr_line' id='line_1_12' title="bbox 135 1801 1245 1883; baseline 0.001 -20"><span class='ocrx_word' id='word_1_94' title='bbox 135 1801 261 1881; x_wconf 87' lang='lat' dir='ltr'>quisque</span> <span class='ocrx_word' id='word_1_95' title='bbox 284 1802 503 1867; x_wconf 90' lang='lat' dir='ltr'>commercium</span> <span class='ocrx_word' id='word_1_96' title='bbox 525 1807 562 1866; x_wconf 90' lang='lat' dir='ltr'>ut</span> <span class='ocrx_word' id='word_1_97' title='bbox 589 1820 659 1867; x_wconf 89' lang='lat' dir='ltr'>ecce</span> <span class='ocrx_word' id='word_1_98' title='bbox 680 1801 810 1880; x_wconf 86' lang='lat' dir='ltr'>fundus,</span> <span class='ocrx_word' id='word_1_99' title='bbox 840 1802 894 1883; x_wconf 92' lang='lat' dir='ltr'>qui</span> <span class='ocrx_word' id='word_1_100' title='bbox 922 1801 1128 1866; x_wconf 83' lang='lat' dir='ltr'>orthodoxam</span> <span class='ocrx_word' id='word_1_101' title='bbox 1150 1801 1245 1865; x_wconf 90' lang='lat' dir='ltr'>eccle-</span> 
     </span>
     <span class='ocr_line' id='line_1_13' title="bbox 135 1919 1245 2004; baseline 0.002 -22"><span class='ocrx_word' id='word_1_102' title='bbox 135 1919 205 1984; x_wconf 88' lang='lat' dir='ltr'>siam</span> <span class='ocrx_word' id='word_1_103' title='bbox 234 1922 389 2001; x_wconf 90' lang='lat' dir='ltr'>continet,</span> <span class='ocrx_word' id='word_1_104' title='bbox 417 1923 528 2004; x_wconf 88' lang='lat' dir='ltr'>nequit</span> <span class='ocrx_word' id='word_1_105' title='bbox 552 1922 593 1988; x_wconf 87' lang='lat' dir='ltr'>ab</span> <span class='ocrx_word' id='word_1_106' title='bbox 618 1923 775 1988; x_wconf 86' lang='lat' dir='ltr'>haeretico</span> <span class='ocrx_word' id='word_1_107' title='bbox 803 1923 928 1987; x_wconf 90' lang='lat' dir='ltr'>homine</span> <span class='ocrx_word' id='word_1_108' title='bbox 956 1921 1088 2003; x_wconf 90' lang='lat' dir='ltr'>adquiri.</span> <span class='ocrx_word' id='word_1_109' title='bbox 1140 1921 1191 1986; x_wconf 89' lang='lat' dir='ltr'>uel</span> <span class='ocrx_word' id='word_1_110' title='bbox 1218 1921 1245 1984; x_wconf 89' lang='lat' dir='ltr'>si</span> 
     </span>
     <span class='ocr_line' id='line_1_14' title="bbox 134 2041 1245 2124; baseline 0.003 -22"><span class='ocrx_word' id='word_1_111' title='bbox 134 2057 194 2102; x_wconf 93' lang='lat' dir='ltr'>rem</span> <span class='ocrx_word' id='word_1_112' title='bbox 215 2059 320 2105; x_wconf 87' lang='lat' dir='ltr'>meam</span> <span class='ocrx_word' id='word_1_113' title='bbox 343 2059 362 2104; x_wconf 90' lang='lat' dir='ltr'>a</span> <span class='ocrx_word' id='word_1_114' title='bbox 383 2045 416 2106; x_wconf 88' lang='lat' dir='ltr'>te</span> <span class='ocrx_word' id='word_1_115' title='bbox 437 2041 514 2106; x_wconf 91' lang='lat' dir='ltr'>mihi</span> <span class='ocrx_word' id='word_1_116' title='bbox 529 2041 598 2106; x_wconf 86' lang='lat' dir='ltr'>dari</span> <span class='ocrx_word' id='word_1_117' title='bbox 613 2042 761 2124; x_wconf 89' lang='lat' dir='ltr'>stipuler:</span> <span class='ocrx_word' id='word_1_118' title='bbox 784 2042 991 2124; x_wconf 90' lang='lat' dir='ltr'>spondesn</span> <span class='ocrx_word' id='word_1_119' title='bbox 1010 2062 1027 2107; x_wconf 94' lang='lat' dir='ltr'>e</span> <span class='ocrx_word' id='word_1_120' title='bbox 1050 2041 1149 2106; x_wconf 89' lang='lat' dir='ltr'>dare</span> <span class='ocrx_word' id='word_1_121' title='bbox 1171 2042 1245 2106; x_wconf 92' lang='lat' dir='ltr'>mih</span> 
     </span>
     <span class='ocr_line' id='line_1_15' title="bbox 132 2157 1245 2243; baseline 0.004 -22"><span class='ocrx_word' id='word_1_122' title='bbox 132 2157 220 2223; x_wconf 90' lang='lat' dir='ltr'>hanc</span> <span class='ocrx_word' id='word_1_123' title='bbox 243 2161 342 2225; x_wconf 82' lang='lat' dir='ltr'>rem?</span> <span class='ocrx_word' id='word_1_124' title='bbox 364 2160 459 2226; x_wconf 91' lang='lat' dir='ltr'>dare</span> <span class='ocrx_word' id='word_1_125' title='bbox 481 2161 563 2225; x_wconf 91' lang='lat' dir='ltr'>enim</span> <span class='ocrx_word' id='word_1_126' title='bbox 576 2161 632 2225; x_wconf 82' lang='lat' dir='ltr'>&#39;ita</span> <span class='ocrx_word' id='word_1_127' title='bbox 646 2161 806 2243; x_wconf 86' lang='lat' dir='ltr'>accipitur,</span> <span class='ocrx_word' id='word_1_128' title='bbox 830 2166 868 2224; x_wconf 88' lang='lat' dir='ltr'>ut</span> <span class='ocrx_word' id='word_1_129' title='bbox 881 2181 932 2227; x_wconf 91' lang='lat' dir='ltr'>res</span> <span class='ocrx_word' id='word_1_130' title='bbox 947 2163 1078 2228; x_wconf 83' lang='lat' dir='ltr'>alicuius</span> <span class='ocrx_word' id='word_1_131' title='bbox 1100 2160 1171 2226; x_wconf 90' lang='lat' dir='ltr'>fiat:</span> <span class='ocrx_word' id='word_1_132' title='bbox 1195 2180 1245 2226; x_wconf 91' lang='lat' dir='ltr'>res</span> 
     </span>
    </p>

    <p class='ocr_par' dir='ltr' id='par_1_8' title="bbox 134 2280 1293 2364">
     <span class='ocr_line' id='line_1_16' title="bbox 134 2280 1293 2364; baseline 0.003 -22"><span class='ocrx_word' id='word_1_133' title='bbox 134 2283 247 2358; x_wconf 89' lang='lat' dir='ltr'>autem,</span> <span class='ocrx_word' id='word_1_134' title='bbox 279 2299 360 2361; x_wconf 90' lang='lat' dir='ltr'>quae</span> <span class='ocrx_word' id='word_1_135' title='bbox 381 2300 452 2346; x_wconf 89' lang='lat' dir='ltr'>mea</span> <span class='ocrx_word' id='word_1_136' title='bbox 474 2286 531 2360; x_wconf 90' lang='lat' dir='ltr'>est,</span> <span class='ocrx_word' id='word_1_137' title='bbox 554 2299 624 2346; x_wconf 91' lang='lat' dir='ltr'>mea</span> <span class='ocrx_word' id='word_1_138' title='bbox 646 2282 779 2364; x_wconf 88' lang='lat' dir='ltr'>amphus</span> <span class='ocrx_word' id='word_1_139' title='bbox 801 2280 869 2347; x_wconf 91' lang='lat' dir='ltr'>fieri</span> <span class='ocrx_word' id='word_1_140' title='bbox 890 2301 953 2346; x_wconf 91' lang='lat' dir='ltr'>non</span> <span class='ocrx_word' id='word_1_141' title='bbox 974 2286 1088 2364; x_wconf 90' lang='lat' dir='ltr'>potest.</span> <span class='ocrx_word' id='word_1_142' title='bbox 1133 2283 1243 2363; x_wconf 91' lang='lat' dir='ltr'>Neque</span> <span class='ocrx_word' id='word_1_143' title='bbox 1264 2292 1293 2340; x_wconf 82' lang='lat'>15</span> 
     </span>
    </p>

    <p class='ocr_par' dir='ltr' id='par_1_9' title="bbox 133 2397 1243 2484">
     <span class='ocr_line' id='line_1_17' title="bbox 133 2397 1243 2484; baseline 0.006 -25"><span class='ocrx_word' id='word_1_144' title='bbox 133 2397 257 2464; x_wconf 92' lang='lat' dir='ltr'>dicimus</span> <span class='ocrx_word' id='word_1_145' title='bbox 288 2401 500 2482; x_wconf 89' lang='lat' dir='ltr'>stipulationis</span> <span class='ocrx_word' id='word_1_146' title='bbox 529 2402 594 2466; x_wconf 88' lang='lat' dir='ltr'>uim</span> <span class='ocrx_word' id='word_1_147' title='bbox 625 2407 657 2466; x_wconf 92' lang='lat' dir='ltr'>et</span> <span class='ocrx_word' id='word_1_148' title='bbox 686 2405 806 2466; x_wconf 92' lang='lat' dir='ltr'>statum</span> <span class='ocrx_word' id='word_1_149' title='bbox 832 2401 969 2483; x_wconf 92' lang='lat' dir='ltr'>pendere</span> <span class='ocrx_word' id='word_1_150' title='bbox 996 2421 1032 2466; x_wconf 91' lang='lat' dir='ltr'>eo</span> <span class='ocrx_word' id='word_1_151' title='bbox 1061 2401 1146 2484; x_wconf 93' lang='lat' dir='ltr'>quod</span> <span class='ocrx_word' id='word_1_152' title='bbox 1175 2399 1243 2466; x_wconf 90' lang='lat' dir='ltr'>fieri</span> 
     </span>
    </p>

    <p class='ocr_par' dir='ltr' id='par_1_10' title="bbox 130 2518 1243 2843">
     <span class='ocr_line' id='line_1_18' title="bbox 132 2518 1241 2604; baseline 0.002 -22"><span class='ocrx_word' id='word_1_153' title='bbox 132 2518 250 2584; x_wconf 85' lang='lat' dir='ltr'>interim</span> <span class='ocrx_word' id='word_1_154' title='bbox 272 2520 388 2601; x_wconf 82' lang='lat' dir='ltr'>possit,</span> <span class='ocrx_word' id='word_1_155' title='bbox 417 2525 454 2587; x_wconf 87' lang='lat' dir='ltr'>ut</span> <span class='ocrx_word' id='word_1_156' title='bbox 475 2540 525 2586; x_wconf 89' lang='lat' dir='ltr'>res</span> <span class='ocrx_word' id='word_1_157' title='bbox 548 2522 674 2604; x_wconf 89' lang='lat' dir='ltr'>pubhca</span> <span class='ocrx_word' id='word_1_158' title='bbox 700 2522 732 2586; x_wconf 91' lang='lat' dir='ltr'>in</span> <span class='ocrx_word' id='word_1_159' title='bbox 755 2521 872 2603; x_wconf 88' lang='lat' dir='ltr'>priuati</span> <span class='ocrx_word' id='word_1_160' title='bbox 901 2521 1041 2586; x_wconf 87' lang='lat' dir='ltr'>homines</span> <span class='ocrx_word' id='word_1_161' title='bbox 1071 2521 1241 2586; x_wconf 89' lang='lat' dir='ltr'>dominium</span> 
     </span>
     <span class='ocr_line' id='line_1_19' title="bbox 131 2638 1243 2723; baseline 0.002 -21"><span class='ocrx_word' id='word_1_162' title='bbox 131 2639 232 2717; x_wconf 89' lang='lat' dir='ltr'>cadat,</span> <span class='ocrx_word' id='word_1_163' title='bbox 268 2638 350 2704; x_wconf 88' lang='lat' dir='ltr'>iorte</span> <span class='ocrx_word' id='word_1_164' title='bbox 379 2640 520 2723; x_wconf 88' lang='lat' dir='ltr'>principe</span> <span class='ocrx_word' id='word_1_165' title='bbox 546 2641 717 2706; x_wconf 86' lang='lat' dir='ltr'>adnuente:</span> <span class='ocrx_word' id='word_1_166' title='bbox 758 2645 790 2706; x_wconf 93' lang='grc'>11</span> <span class='ocrx_word' id='word_1_167' title='bbox 818 2645 855 2705; x_wconf 89' lang='lat' dir='ltr'>ut</span> <span class='ocrx_word' id='word_1_168' title='bbox 882 2640 962 2706; x_wconf 89' lang='lat' dir='ltr'>liber</span> <span class='ocrx_word' id='word_1_169' title='bbox 990 2641 1083 2704; x_wconf 91' lang='lat' dir='ltr'>homo</span> <span class='ocrx_word' id='word_1_170' title='bbox 1115 2640 1147 2704; x_wconf 92' lang='lat' dir='ltr'>in</span> <span class='ocrx_word' id='word_1_171' title='bbox 1181 2658 1243 2704; x_wconf 89' lang='lat' dir='ltr'>ser·</span> 
     </span>
     <span class='ocr_line' id='line_1_20' title="bbox 130 2758 1240 2843; baseline 0.002 -23"><span class='ocrx_word' id='word_1_172' title='bbox 130 2758 259 2824; x_wconf 91' lang='lat' dir='ltr'>uitutem</span> <span class='ocrx_word' id='word_1_173' title='bbox 281 2758 445 2840; x_wconf 84' lang='lat' dir='ltr'>redigatur</span> <span class='ocrx_word' id='word_1_174' title='bbox 471 2759 584 2843; x_wconf 87' lang='lat' dir='ltr'>(ueluti</span> <span class='ocrx_word' id='word_1_175' title='bbox 605 2761 633 2826; x_wconf 87' lang='lat' dir='ltr'>si</span> <span class='ocrx_word' id='word_1_176' title='bbox 654 2760 785 2825; x_wconf 89' lang='lat' dir='ltr'>libertus</span> <span class='ocrx_word' id='word_1_177' title='bbox 807 2764 959 2841; x_wconf 89' lang='lat' dir='ltr'>tanquam</span> <span class='ocrx_word' id='word_1_178' title='bbox 980 2761 1123 2841; x_wconf 92' lang='lat' dir='ltr'>ingratus</span> <span class='ocrx_word' id='word_1_179' title='bbox 1146 2778 1165 2823; x_wconf 90' lang='lat' dir='ltr'>a</span> <span class='ocrx_word' id='word_1_180' title='bbox 1186 2777 1240 2840; x_wconf 88' lang='lat' dir='ltr'>pa-</span> 
     </span>
    </p>

    <p class='ocr_par' dir='ltr' id='par_1_11' title="bbox 130 2879 1293 2961">
     <span class='ocr_line' id='line_1_21' title="bbox 130 2879 1293 2961; baseline -0.002 -21"><span class='ocrx_word' id='word_1_181' title='bbox 130 2883 216 2942; x_wconf 90' lang='lat' dir='ltr'>trono</span> <span class='ocrx_word' id='word_1_182' title='bbox 238 2879 272 2943; x_wconf 91' lang='lat' dir='ltr'>in</span> <span class='ocrx_word' id='word_1_183' title='bbox 295 2879 481 2944; x_wconf 83' lang='lat' dir='ltr'>seruitutem</span> <span class='ocrx_word' id='word_1_184' title='bbox 503 2881 692 2961; x_wconf 87' lang='lat' dir='ltr'>reuocetur),</span> <span class='ocrx_word' id='word_1_185' title='bbox 716 2884 748 2944; x_wconf 92' lang='lat' dir='ltr'>et</span> <span class='ocrx_word' id='word_1_186' title='bbox 768 2884 806 2943; x_wconf 87' lang='lat' dir='ltr'>ut</span> <span class='ocrx_word' id='word_1_187' title='bbox 828 2879 1055 2958; x_wconf 86' lang='lat' dir='ltr'>commercium,</span> <span class='ocrx_word' id='word_1_188' title='bbox 1077 2883 1115 2942; x_wconf 90' lang='lat' dir='ltr'>ut</span> <span class='ocrx_word' id='word_1_189' title='bbox 1136 2896 1243 2960; x_wconf 81' lang='lat' dir='ltr'>saepe</span> <span class='ocrx_word' id='word_1_190' title='bbox 1257 2889 1293 2938; x_wconf 83' lang='lat'>20</span> 
     </span>
    </p>

    <p class='ocr_par' dir='ltr' id='par_1_12' title="bbox 131 2984 1243 3082">
     <span class='ocr_line' id='line_1_22' title="bbox 131 2984 1243 3082; baseline 0 -22"><span class='ocrx_word' id='word_1_191' title='bbox 131 3016 255 3064; x_wconf 92' lang='lat' dir='ltr'>numero</span> <span class='ocrx_word' id='word_1_192' title='bbox 277 2996 323 3076; x_wconf 88' lang='lat' dir='ltr'>fit,</span> <span class='ocrx_word' id='word_1_193' title='bbox 346 3000 416 3080; x_wconf 90' lang='lat' dir='ltr'>quis</span> <span class='ocrx_word' id='word_1_194' title='bbox 437 3009 459 3063; x_wconf 86' lang='lat' dir='ltr'>&#39;a</span> <span class='ocrx_word' id='word_1_195' title='bbox 480 2984 620 3082; x_wconf 84' lang='lat' dir='ltr'>principe</span> <span class='ocrx_word' id='word_1_196' title='bbox 639 3000 706 3064; x_wconf 88' lang='lat' dir='ltr'>eius</span> <span class='ocrx_word' id='word_1_197' title='bbox 721 3000 767 3064; x_wconf 92' lang='lat' dir='ltr'>rei</span> <span class='ocrx_word' id='word_1_198' title='bbox 789 3004 1008 3080; x_wconf 87' lang='lat' dir='ltr'>consequatur,</span> <span class='ocrx_word' id='word_1_199' title='bbox 1032 3016 1127 3079; x_wconf 91' lang='lat' dir='ltr'>quam</span> <span class='ocrx_word' id='word_1_200' title='bbox 1149 3001 1243 3060; x_wconf 91' lang='lat' dir='ltr'>antea</span> 
     </span>
    </p>

    <p class='ocr_par' dir='ltr' id='par_1_13' title="bbox 131 3117 1243 3442">
     <span class='ocr_line' id='line_1_23' title="bbox 131 3117 1242 3201; baseline 0 -21"><span class='ocrx_word' id='word_1_201' title='bbox 131 3117 294 3199; x_wconf 88' lang='lat' dir='ltr'>adquirere</span> <span class='ocrx_word' id='word_1_202' title='bbox 315 3118 550 3201; x_wconf 89' lang='lat' dir='ltr'>prohibebatur,</span> <span class='ocrx_word' id='word_1_203' title='bbox 574 3124 607 3184; x_wconf 89' lang='lat' dir='ltr'>et</span> <span class='ocrx_word' id='word_1_204' title='bbox 629 3123 665 3182; x_wconf 88' lang='lat' dir='ltr'>ut</span> <span class='ocrx_word' id='word_1_205' title='bbox 683 3138 734 3184; x_wconf 91' lang='lat' dir='ltr'>res</span> <span class='ocrx_word' id='word_1_206' title='bbox 749 3138 819 3184; x_wconf 88' lang='lat' dir='ltr'>mea</span> <span class='ocrx_word' id='word_1_207' title='bbox 834 3119 976 3184; x_wconf 90' lang='lat' dir='ltr'>desinere</span> <span class='ocrx_word' id='word_1_208' title='bbox 997 3117 1098 3200; x_wconf 87' lang='lat' dir='ltr'>possit</span> <span class='ocrx_word' id='word_1_209' title='bbox 1118 3117 1150 3180; x_wconf 93' lang='lat' dir='ltr'>in</span> <span class='ocrx_word' id='word_1_210' title='bbox 1172 3135 1242 3181; x_wconf 91' lang='lat' dir='ltr'>meo</span> 
     </span>
     <span class='ocr_line' id='line_1_24' title="bbox 131 3212 1243 3321; baseline -0.002 -19"><span class='ocrx_word' id='word_1_211' title='bbox 131 3257 194 3304; x_wconf 90' lang='lat' dir='ltr'>esse</span> <span class='ocrx_word' id='word_1_212' title='bbox 216 3212 359 3317; x_wconf 87' lang='lat' dir='ltr'>domino,</span> <span class='ocrx_word' id='word_1_213' title='bbox 382 3239 428 3302; x_wconf 89' lang='lat' dir='ltr'>ita</span> <span class='ocrx_word' id='word_1_214' title='bbox 449 3245 486 3302; x_wconf 88' lang='lat' dir='ltr'>ut</span> <span class='ocrx_word' id='word_1_215' title='bbox 507 3239 599 3321; x_wconf 91' lang='lat' dir='ltr'>plane</span> <span class='ocrx_word' id='word_1_216' title='bbox 621 3257 657 3304; x_wconf 93' lang='lat' dir='ltr'>eo</span> <span class='ocrx_word' id='word_1_217' title='bbox 679 3257 730 3303; x_wconf 91' lang='lat' dir='ltr'>res</span> <span class='ocrx_word' id='word_1_218' title='bbox 752 3239 925 3321; x_wconf 89' lang='lat' dir='ltr'>perueniat,</span> <span class='ocrx_word' id='word_1_219' title='bbox 948 3241 986 3302; x_wconf 90' lang='lat' dir='ltr'>ut</span> <span class='ocrx_word' id='word_1_220' title='bbox 1008 3238 1127 3318; x_wconf 87' lang='lat' dir='ltr'>absque</span> <span class='ocrx_word' id='word_1_221' title='bbox 1147 3236 1243 3318; x_wconf 78' lang='lat' dir='ltr'>impe</span> 
     </span>
     <span class='ocr_line' id='line_1_25' title="bbox 131 3339 1241 3442; baseline -0.001 -22"><span class='ocrx_word' id='word_1_222' title='bbox 131 3357 265 3424; x_wconf 89' lang='lat' dir='ltr'>dimento</span> <span class='ocrx_word' id='word_1_223' title='bbox 288 3358 429 3422; x_wconf 89' lang='lat' dir='ltr'>dicamus</span> <span class='ocrx_word' id='word_1_224' title='bbox 451 3358 557 3423; x_wconf 90' lang='lat' dir='ltr'>ualere</span> <span class='ocrx_word' id='word_1_225' title='bbox 578 3358 821 3441; x_wconf 89' lang='lat' dir='ltr'>stipulationem.</span> <span class='ocrx_word' id='word_1_226' title='bbox 856 3363 905 3424; x_wconf 88' lang='lat' dir='ltr'>set</span> <span class='ocrx_word' id='word_1_227' title='bbox 925 3339 1069 3442; x_wconf 80' lang='lat' dir='ltr'>protinus</span> <span class='ocrx_word' id='word_1_228' title='bbox 1092 3357 1131 3421; x_wconf 91' lang='lat' dir='ltr'>ab</span> <span class='ocrx_word' id='word_1_229' title='bbox 1153 3356 1241 3420; x_wconf 91' lang='lat' dir='ltr'>initio</span> 
     </span>
    </p>

    <p class='ocr_par' dir='ltr' id='par_1_14' title="bbox 131 3476 1291 3544">
     <span class='ocr_line' id='line_1_26' title="bbox 131 3476 1291 3544; baseline -0.004 -4"><span class='ocrx_word' id='word_1_230' title='bbox 131 3495 194 3542; x_wconf 90' lang='lat' dir='ltr'>eam</span> <span class='ocrx_word' id='word_1_231' title='bbox 227 3496 298 3544; x_wconf 87' lang='lat' dir='ltr'>esse</span> <span class='ocrx_word' id='word_1_232' title='bbox 326 3477 468 3542; x_wconf 92' lang='lat' dir='ltr'>inutilem</span> <span class='ocrx_word' id='word_1_233' title='bbox 501 3476 641 3542; x_wconf 91' lang='lat' dir='ltr'>dicimus.</span> <span class='ocrx_word' id='word_1_234' title='bbox 691 3478 767 3542; x_wconf 91' lang='lat' dir='ltr'>item</span> <span class='ocrx_word' id='word_1_235' title='bbox 800 3483 909 3543; x_wconf 88' lang='lat' dir='ltr'>contra</span> <span class='ocrx_word' id='word_1_236' title='bbox 940 3478 1013 3543; x_wconf 91' lang='lat' dir='ltr'>licet</span> <span class='ocrx_word' id='word_1_237' title='bbox 1039 3477 1128 3541; x_wconf 89' lang='lat' dir='ltr'>initio</span> <span class='ocrx_word' id='word_1_238' title='bbox 1155 3477 1241 3541; x_wconf 93' lang='lat' dir='ltr'>utilis</span> <span class='ocrx_word' id='word_1_239' title='bbox 1259 3485 1291 3536; x_wconf 82' lang='lat'>25</span> 
     </span>
    </p>

    <p class='ocr_par' dir='ltr' id='par_1_15' title="bbox 130 3595 1241 3680">
     <span class='ocr_line' id='line_1_27' title="bbox 130 3595 1241 3680; baseline -0.003 -18"><span class='ocrx_word' id='word_1_240' title='bbox 130 3595 220 3664; x_wconf 83' lang='grc'><strong>111111</strong></span> <span class='ocrx_word' id='word_1_241' title='bbox 241 3596 414 3680; x_wconf 85' lang='lat' dir='ltr'>stipulatio,</span> <span class='ocrx_word' id='word_1_242' title='bbox 437 3603 549 3679; x_wconf 86' lang='lat' dir='ltr'>postea</span> <span class='ocrx_word' id='word_1_243' title='bbox 569 3617 645 3664; x_wconf 90' lang='lat' dir='ltr'>uero</span> <span class='ocrx_word' id='word_1_244' title='bbox 667 3599 699 3662; x_wconf 92' lang='lat' dir='ltr'>in</span> <span class='ocrx_word' id='word_1_245' title='bbox 718 3599 891 3680; x_wconf 89' lang='lat' dir='ltr'>quamlibet</span> <span class='ocrx_word' id='word_1_246' title='bbox 913 3617 1039 3664; x_wconf 89' lang='lat' dir='ltr'>causam</span> <span class='ocrx_word' id='word_1_247' title='bbox 1061 3615 1178 3675; x_wconf 88' lang='lat' dir='ltr'>aarum,</span> <span class='ocrx_word' id='word_1_248' title='bbox 1203 3596 1241 3659; x_wconf 91' lang='lat' dir='ltr'>de</span> 
     </span>
    </p>
   </div>
   <div class='ocr_carea' id='block_1_3' title="bbox 0 0 1586 5338">
    <p class='ocr_par' dir='ltr' id='par_1_16' title="bbox 0 0 1586 5338">
     <span class='ocr_line' id='line_1_28' title="bbox 0 0 1586 5338; baseline 0 3"><span class='ocrx_word' id='word_1_249' title='bbox 0 0 1586 5338; x_wconf 95' lang='lat' dir='ltr'> </span> 
     </span>
    </p>
   </div>
  </div>
 </body>
</html>
