3370 5350
625 381 950 450 -259-.

175 587 236 652 que
258 569 292 634 in
314 569 416 652 patris
438 569 488 636 sui
510 569 612 635 locum
641 570 817 636 succedere.
864 570 933 651 pari
961 567 1084 634 ratione
1113 575 1145 634 et
1172 570 1199 634 si
1227 568 1297 651 quis

174 695 319 754 mortuus
340 688 437 755 fuerit
458 697 602 772 nepotem
624 697 790 770 neptemue
817 709 855 754 ex
877 690 981 754 Primo
1008 688 1073 754 filio
1098 694 1298 770 praemortuo

175 809 356 888 relinquens
386 815 481 890 atque
515 828 552 874 ex
582 816 694 891 nepote
721 809 840 891 pariter
869 815 1069 888 praemortuo
1096 814 1298 890 pronepotem

174 935 419 1009 proneptemue,
443 947 539 1010 nepos
562 949 600 993 ex
621 925 727 993 Primo
755 934 788 994 et
817 946 972 1009 pronepos
1000 948 1039 998 ex
1068 931 1180 1008 nepote
1208 927 1299 992 simul

175 1055 340 1125 uocantur,
362 1048 446 1114 sicut
468 1051 549 1114 enim
572 1056 701 1129 nepotes
723 1049 756 1114 in
779 1048 834 1114 filii
856 1051 902 1114 ita
924 1056 956 1114 et
970 1055 1160 1130 pronepotes
1175 1049 1206 1112 in
1229 1066 1300 1113 sno
1325 1028 1351 1116 'o

174 1187 246 1232 rum
270 1167 448 1248 parentium
471 1170 573 1235 locum
595 1169 776 1234 succedunt.
821 1169 934 1251 quibus
961 1185 1153 1246 consequens
1181 1174 1229 1232 est
1258 1167 1300 1232 di·

176 1307 249 1354 cere
270 1307 333 1354 non
356 1289 387 1352 in
410 1288 514 1370 capita
536 1295 585 1352 set
607 1289 637 1352 in
661 1286 776 1368 stirpes
800 1287 937 1352 defuncti
961 1287 1059 1352 diuidi
1082 1287 1299 1366 hereditatem,

176 1415 215 1474 ut
236 1407 318 1474 filius
341 1405 502 1474 dimidiam
530 1407 716 1474 hereditatis
746 1413 865 1490 partem
899 1408 1027 1486 hebeat,
1060 1427 1098 1472 ex
1130 1406 1194 1472 filio
1225 1425 1301 1472 nero

176 1535 377 1609 praemortuo
411 1525 540 1612 nepotes
574 1529 635 1594 duo
662 1529 810 1610 pluresue
838 1529 968 1593 alteram
1003 1527 1173 1592 dimidiam.
1222 1525 1301 1592 Cum

178 1649 261 1714 enirn
283 1655 374 1730 pater
397 1667 504 1714 eornm
526 1651 637 1714 uinens
660 1649 818 1713 dimidiam
840 1649 1012 1730 accepisset
1034 1653 1164 1728 partem,
1187 1647 1247 1726 ipsi
1269 1647 1300 1710 in
1321 1660 1353 1712 ιο

178 1769 246 1834 eius
290 1767 392 1832 locum
440 1769 642 1833 succedentes
685 1770 795 1834 merito
838 1787 893 1832 sex
935 1769 1042 1834 uncias
1085 1771 1301 1847 consecuntur,

178 1905 260 1968 quae
283 1894 316 1952 et
337 1886 381 1951 illi
404 1887 477 1952 uiuo
500 1888 594 1952 datae
616 1895 729 1952 essent.
779 1888 805 1951 si
831 1889 901 1969 quis
931 1906 1007 1953 uero
1035 1893 1179 1952 mortuus
1208 1885 1303 1952 fuerit

177 2005 277 2071 filium
300 2025 360 2072 non
385 2007 562 2085 relinquens
585 2012 635 2072 set
662 2025 699 2072 ex
728 2006 849 2072 duobus
879 2005 951 2072 filiis
979 2009 1186 2088 praemortuis
1209 2025 1303 2088 nepo·

179 2134 237 2203 tes,
262 2145 300 2190 cx
322 2126 421 2190 altero
443 2145 539 2190 unum
562 2125 643 2190 forte
665 2133 810 2208 nepotem
833 2127 883 2191 uei
913 2128 1007 2205 duos,
1038 2143 1075 2190 ex
1104 2115 1203 2192 altero
1226 2144 1302 2191 uero

179 2252 247 2311 tres
270 2247 320 2312 nel
344 2251 502 2328 quattuor,
525 2265 607 2311 unns
631 2247 682 2312 uel
704 2247 766 2312 duo
789 2247 948 2312 dimidiam
971 2253 1102 2329 partem,
1126 2255 1191 2311 tres
1213 2249 1354 2325 quat-15

135 2365 447 2434 r.tu0ruealteran1
470 2364 629 2430 dimidiam
659 2365 821 2448 accipient.
875 2368 904 2428 7.
939 2365 1018 2431 (ium
1046 2371 1150 2431 autern
1181 2365 1304 2446 quaeri·

180 2505 251 2550 mus
273 2505 313 2550 an
336 2485 406 2568 quis
429 2505 505 2552 suus
529 2487 619 2552 heres
641 2485 787 2552 defuncto
810 2487 940 2566 existat,
965 2505 1001 2552 eo
1023 2493 1162 2568 tempore
1185 2487 1242 2550 hoc
1265 2484 1304 2550 de

182 2624 219 2680 eo
252 2607 432 2688 quaerimus
461 2624 530 2672 cum
565 2612 684 2672 eertum
718 2608 760 2670 sit
792 2606 974 2672 intestatum
1005 2604 1092 2669 ilium
1122 2605 1302 2670 decessisse.
1349 2577 1352 2584 Δ

181 2727 240 2792 hoc
262 2745 340 2792 nero
361 2727 477 2794 accidit
505 2745 566 2794 non
593 2727 692 2794 solum
721 2746 791 2793 cum
818 2726 936 2792 nullum
966 2743 1095 2808 prorsus
1125 2724 1241 2790 iactum
1263 2723 1305 2787 sit

181 2851 416 2924 testamentum,
438 2853 488 2910 set
509 2847 603 2911 etiam
626 2865 694 2911 cnm
711 2845 828 2911 iactum
851 2844 976 2927 quidem
998 2846 1049 2923 sit,
1072 2843 1176 2908 nulius
1199 2848 1304 2908 autem
1321 2870 1357 2923 20

181 2967 255 3030 inde
277 2966 369 3030 heres
391 2963 455 3030 fiat.
500 2982 598 3046 quare
620 2967 647 3031 si
669 2967 737 3047 quis
759 2965 856 3029 filium
879 2965 997 3029 habens
1019 2966 1049 3028 in
1073 2967 1230 3047 potestate
1252 2981 1306 3028 ue·

182 3094 350 3170 potemque
373 3107 410 3154 ex
433 3107 470 3154 eo
492 3087 588 3152 filium
612 3087 865 3165 exheredauerit,
894 3094 1137 3168 extraneumque
1159 3065 1305 3150 heredem

182 3206 346 3290 scripserit
378 3213 473 3302 atque
501 3214 572 3289 post
601 3207 761 3272 testatoris
791 3213 931 3282 mortem,
962 3212 1109 3272 extraneo
1142 3205 1244 3270 adhuc
1267 3205 1306 3270 de

184 3327 330 3420 adeunda
351 3325 525 3392 hereditate
548 3325 749 3405 deliberante,
772 3325 855 3392 filius
876 3332 1019 3392 mortuus
1041 3326 1097 3399 sit,
1120 3323 1233 3390 deinde
1255 3343 1307 3389 ex·

185 3453 316 3512 traneus
347 3446 398 3510 nel
431 3445 648 3527 repudiauerit
681 3445 732 3510 uel
764 3451 849 3512 certe
882 3445 969 3510 adire
1002 3446 1179 3525 nequiuerit
1212 3444 1305 3526 (sorte
1322 3470 1357 3522 25
