3384 5314
848 425 886 433 -
936 383 998 453 ια
1051 424 1088 434 --

412 567 565 646 ρονομίας
589 561 719 646 γέγονεν
742 562 777 627 έν
799 573 931 653 κατοχῇ,
953 565 1019 628 τῶν
1042 562 1153 629 αὐτῶν
1176 560 1293 644 σχεδὸν
1320 560 1527 648 κρατούντων

412 671 465 732 καὶ
488 667 541 733 ἐπὶ
563 671 617 754 της
640 671 810 754 ομουὶαἰίοε
834 672 870 735 in
894 691 980 736 rem.
1025 673 1081 734 καὶ
1108 670 1161 734 ἐπ’
1186 668 1285 754 αὐτῆς
1312 667 1373 756 γδρ
1397 669 1418 734 δ
1441 672 1527 734 mala

411 776 471 839 fide
495 785 554 839 τοῦ
577 773 772 861 πράγματος
795 775 831 841 έν
854 787 935 866 νομῇ
951 776 1121 862 γενόμενος
1145 774 1245 856 λόγον
1259 775 1369 858 ὑφέξει
1384 777 1439 840 καὶ
1461 778 1528 840 τῶν

412 879 494 947 κατὰ
510 881 676 967 ῥαθυμίαν
691 880 794 949 αδτου
808 881 851 969 μή
868 883 1062 970 ληφθέντων
1078 893 1217 967 καρπῶν.
1258 881 1313 948 διδ
1334 885 1366 948 τί
1382 883 1419 947 δὲ
1433 887 1528 947 εἶπον

377 985 481 1073 ίτόλ)
507 987 686 1072 »σχεδόνι
711 989 746 1054 έν
772 1003 840 1064 τοϊς
864 992 918 1054 ‘de
942 991 1140 1076 iudiciis'2)
1164 989 1392 1076 μαθησόμεθα.
1439 992 1468 1053 εί
1491 989 1528 1052 δὲ

412 1097 496 1160 bona
519 1097 580 1160 fide
604 1095 720 1178 νομεύς
736 1097 823 1162 ἐστιν
838 1096 857 1162 δ
874 1096 1070 1180 ἐναγόμενος
1093 1095 1151 1162 οὐκ
1170 1095 1426 1183 ἅπαιτηθήσεται
1449 1094 1528 1162 οὐδὲ

413 1201 468 1277 οὓς
491 1200 677 1288 ἐδαπάνησε
701 1200 860 1290 καρποδς,
885 1200 964 1267 οδδὲ
987 1203 1042 1278 o&
1064 1201 1149 1268 κατοέ
1174 1203 1338 1289 ῥαθυμίαν
1361 1203 1420 1266 οὐκ
1436 1201 1529 1284 ἔλαβε

412 1306 575 1396 προφάσει
597 1319 665 1374 τῶν
687 1310 881 1395 ληφθέντων
903 1309 967 1398 πρὸ
990 1319 1046 1396 τῆς
1073 1308 1351 1396 προκατάρξεως3)
1379 1319 1528 1394 καρπῶν.

413 1413 491 1498 μετά
516 1413 578 1500 γάρ
592 1414 813 1504 προκόταρξιν
828 1421 920 1482 ἕνεκα
934 1419 990 1481 καὶ
997 1418 1022 1502 ¹)
1046 1426 1115 1481 τῶν
1134 1417 1330 1503 ληφθέντων
1350 1417 1405 1480 καὶ
1427 1417 1528 1500 τῶνῧ)

361 1535 394 1586 10
414 1521 677 1608 δαπανηθέντων
698 1523 940 1599 καταδικαζέτω
969 1522 1070 1590 αότδν
1092 1523 1110 1590 δ
1134 1522 1296 1609 δικαστής.
1342 1524 1447 1588 ταῦτα
1469 1523 1530 1606 μέν

414 1626 503 1714 οόνθ)
529 1631 602 1716 περὶ
626 1627 683 1715 τῆς
707 1632 877 1714 specialius
900 1632 932 1696 in
955 1633 1052 1716 rem⁷)
1078 1630 1125 1694 έτι
1147 1633 1201 1694 καὶ
1224 1629 1281 1716 τῆς
1304 1627 1530 1712 καθομοὶδαῦ),

413 1735 557 1800 τουτέστι
579 1735 669 1821 τῆςλ)
693 1738 877 1803 hereditatis
901 1739 1071 1821 petitionos
1094 1736 1248 1825 εἰρήσθω.
1289 1742 1320 1804 3.
1338 1739 1403 1822 Της
1427 1735 1465 1800 δέ
1489 1738 1531 1800 ad
1542 1748 1565 1798 3.

414 1844 624 1908 exhibendum
640 1849 826 1931 κινουμένης
842 1843 900 1911 οὐκ
916 1843 1009 1932 α’ρκετ
1021 1854 1067 1932 τῷ
1082 1851 1142 1929 τέῳ
1160 1843 1288 1931 πρόςῐθ)
1306 1841 1344 1908 τό
1358 1843 1532 1925 διαφυγεῖν

414 1947 471 2035 την
493 1949 687 2036 καταδίκην,
716 1949 774 2016 έδν
796 1955 840 2027 εἰς
867 1951 966 2035 μέσον
994 1951 1097 2042 α’γαγη
1119 1949 1157 2016 τὸ
1182 1953 1336 2034 πρᾶγμα,
1363 1948 1448 2016 α’λλδι
1477 1951 1533 2014 καὶ

364 2068 394 2119 15
414 2054 472 2142 την
495 2061 613 2122 oaflsan
628 2057 889 2145 τοῦπράγματος
905 2057 1026 2140 ὀφείλει
1042 2071 1235 2144 παρασχεῖν,
1257 2061 1422 2122 τουτέστιν
1445 2055 1530 2121 α’πο-

414 2173 609 2250 καταστησαι
628 2163 739 2229 πάντα
753 2163 902 2250 cainan)
925 2174 971 2253 τῷ
993 2163 1155 2244 ένόγοντι,
1179 2160 1265 2250 ἅπερ
1279 2162 1413 2252 ἤμελλεν
1436 2162 1532 2244 ἔχειν,

414 2272 442 2334 εί
463 2268 499 2334 έν
521 2282 590 2346 τοϊς
612 2273 797 2356 προοιμίοις
820 2281 874 2358 της
898 2272 988 2358 δίκης
1006 2265 1247 2357 ἀποκατέστησε
1269 2269 1308 2336 τό
1328 2281 1463 2356 πρᾶγμα
1487 2273 1532 2357 τῷ

414 2374 572 2461 ένόγοντι.
605 2376 693 2456 ,ὅθεν
716 2382 743 2442 ελ
764 2380 820 2442 καὶ
842 2379 878 2443 ἐν
899 2387 945 2466 τῷ
959 2379 1177 2464 παρέλκεσθαι
1198 2375 1237 2442 τὸ
1254 2387 1308 2465 τῆς
1324 2379 1366 2443 ad
1382 2379 1531 2442 exhiben-

416 2485 488 2548 dum
524 2484 729 2572 δικαστηριον
763 2493 1007 2570 usucapiteusen
1037 2483 1056 2552 ό
1083 2484 1277 2568 ἕναγόμενος
1311 2482 1350 2550 το“
1381 2482 1532 2570 πρᾶγμα,

362 2607 396 2658 20
415 2589 512 2658 οόδδν
551 2589 646 2678 ἧττον
683 2590 1004 2678 καταδικασθήσεται
1043 2591 1083 2656 οδ
1121 2589 1302 2674 δυνάμενος
1340 2591 1442 2676 λέγειν
1480 2589 1532 2655 ὃτι

416 2696 592 2784 »δεσπότης
615 2702 734 2778 γέγονα
751 2697 806 2764 διαὶ
823 2697 878 2786 τῆς
901 2707 1113 2783 usucapionos
1133 2699 1185 2762 καὶ
1201 2696 1240 2764 οδ
1255 2697 1308 2762 δεῖ
1327 2699 1410 2782 μεθ)
1434 2721 1530 2761 κατα-

416 2805 616 2890 δικασθῆναι
638 2810 692 2870 καί
716 2804 903 2872 α’ποδοῦναι
925 2804 963 2872 τό
980 2803 1111 2891 γεγονός
1134 2803 1236 2889 ἐμόνι.
1271 2803 1385 2890 ἐπειδή
1410 2802 1473 2889 γδρ
1498 2805 1533 2867 ἐν

414 2922 460 2999 τῷ
486 2921 585 3000 καιρῷ
613 2921 670 2998 τῆς
697 2913 946 3000 προκατόρξεως
973 2915 1030 2998 τῆς
1058 2914 1099 2977 ad
1133 2914 1341 2978 exhibendum
1370 2908 1465 2976 οὔπω
1496 2908 1534 2996 ἦν

416 3025 634 3107 περαιωθείσα
657 3019 676 3105 η
699 3029 892 3105 usucapiwn,
914 3023 942 3085 εί
963 3020 1018 3084 καὶ
1040 3017 1160 3103 μεταξὺ
1176 3019 1345 3106 παρολκῆς
1361 3017 1534 3102 γενομένης

363 3125 436 3191 ‘250‘
463 3125 578 3211 χρόνος
614 3125 752 3214 αδτηςλλ)
784 3125 951 3213 παρῆλθε·
980 3124 1064 3213 πλην
1096 3123 1206 3211 ἐπειδη
1240 3123 1462 3209 οἷνατρέχομεν
1489 3126 1534 3198 είς

416 3231 476 3318 τήν
498 3233 730 3321 προκάταρξιν,
753 3229 808 3299 ὅτε
831 3232 922 3299 οὔπω
946 3232 985 3320 όμ
1007 3231 1269 3317 σουοαμίίθυθὲν,
1291 3230 1422 3304 εἰκότως
1445 3227 1533 3294 α’πο-

415 3346 615 3406 καθίσταται
639 3339 679 3416 ὠς
706 3339 748 3427 μη
778 3339 883 3417 δόξαν
912 3345 1106 3427 γεγενῆσθαι
1132 3347 1191 3403 τοῦ
1219 3344 1275 3403 τέο
1299 3335 1356 3402 διὰ
1378 3335 1437 3422 τῆς
1460 3358 1533 3401 usu·

417 3456 582 3532 οορίουοε,
615 3447 671 3512 διὰ
699 3445 736 3514 τό
764 3446 857 3512 καθα
884 3447 1006 3534 εἴρηται
1035 3447 1136 3512 ἕλκειν
1162 3443 1245 3532 ημᾶς
1272 3443 1330 3530 την
1356 3444 1536 3528 καταδίκην

416 3551 500 3642 πρός
522 3559 654 3640 μίμησιν
675 3562 730 3642 της
752 3551 1010 3640 προκατόρξεως.
1056 3554 1109 3616 καὶ
1136 3549 1212 3626 τούς
1240 3548 1385 3634 καρπούς
1415 3549 1452 3614 δὲ
1475 3559 1535 3614 τοῦ

508 3805 528 3871 ¹)
548 3804 573 3858 d.
592 3805 622 3862 P.
731 3803 753 3871 ²)
772 3807 858 3865 -ίοις
876 3803 911 3857 V.
930 3803 960 3857 P.
1051 3803 1073 3870 3)
1093 3805 1148 3857 τῶν
1164 3801 1216 3854 ins.
1235 3800 1264 3855 Ρ.
1349 3799 1371 3854 ¹}
1390 3797 1417 3851 d.
1437 3799 1479 3851 Vi.
1499 3798 1533 3852 R.

418 3895 440 3961 ὅ)
459 3893 485 3947 d.
504 3893 548 3947 Vi.
568 3893 611 3947 F1.
630 3894 662 3948 R.
752 3893 775 3962 θ)
794 3891 820 3946 d.
839 3893 873 3944 V.
968 3892 991 3961 ¹)
1011 3893 1067 3960 [τῆς
1085 3890 1111 3944 d.
1131 3891 1175 3958 V.]
1195 3891 1355 3949 σπεκιαλὶας
1373 3886 1399 3942 h.
1418 3888 1435 3944 l.
1449 3887 1482 3941 V.
1502 3887 1533 3939 P.

418 3982 441 4053 ⁸)
460 3986 543 4045 -δος
561 3983 595 4036 V.
616 3986 737 4051 -δωτῆς
754 3983 794 4037 Pi.
932 3981 955 4050 ⁹)
974 4003 1046 4038 τουτ.
1065 4003 1087 4036 τ.
1107 3979 1133 4034 d.
1152 3979 1205 4034 Pi.:
1224 3978 1268 4032 vi.
1287 3978 1321 4032 R.
1339 3979 1391 4032 ita:
1410 3975 1445 4032 τὰ
1463 3973 1534 4032 αότδ

419 4075 515 4130 δὲκαὶ
535 4074 580 4129 ἐπὶ
600 4072 735 4142 τῆςλη.
844 4071 879 4140 ¹⁰)
898 4071 938 4134 εἰς
955 4071 984 4124 Ρ.
1103 4069 1137 4138 ¹¹)
1156 4091 1179 4124 τ.
1199 4089 1227 4124 π.
1246 4066 1281 4123 V.
1299 4062 1330 4123 F.
1448 4065 1482 4132 ¹²)
1502 4083 1534 4122 σε

419 4165 462 4218 L¹.
481 4163 524 4219 F¹.
633 4162 667 4231 ¹¹)
686 4169 778 4224 -τοῖς
795 4161 825 4215 P.
