3328 5318
574 410 614 417 -
662 375 815 438 455-—

137 567 218 624 esse
242 567 312 612 cum
336 556 367 612 et
390 555 514 614 ueteres
538 549 614 614 iurIs
634 548 820 632 interpretes
844 549 971 631 saepius
988 548 1137 630 dixerint,
1161 549 1251 634 ipsos

136 672 355 738 filiusfamilias
378 693 437 756 pro
459 674 524 738 suis
548 672 668 738 delictis
693 693 785 756 posse
810 673 979 738 conueniri.

225 1383 259 1445 Si
283 1382 461 1464 quadrupes
486 1383 669 1465 pauperiem
691 1383 805 1446 fecisse
830 1383 950 1446 dicitur.
985 1383 1108 1448 Titulus
1132 1387 1160 1449 9.

224 1541 412 1604 Animalium
429 1561 554 1623 quoque
570 1543 704 1623 nomine,
728 1562 810 1622 quae
834 1543 956 1607 ratione
981 1548 1098 1624 carent,
1123 1543 1249 1622 siquid

134 1666 192 1730 alii
214 1665 319 1730 damni
349 1666 505 1748 dederint,
533 1668 666 1731 noxales
690 1668 831 1730 actiones
860 1675 932 1731 sunt
959 1669 1154 1732 constitutae.
1202 1673 1249 1732 set

129 1791 280 1857 noxalem
303 1792 378 1854 furti
402 1793 557 1858 aotIonem
583 1800 637 1857 aut
660 1794 692 1856 ui
715 1795 866 1857 bonorum
889 1799 1049 1876 raptorum
1066 1800 1121 1857 ant
1143 1793 1249 1857 iniuri-
1287 1809 1307 1858 t

134 1937 223 1979 arum
240 1917 271 1979 in
286 1916 398 1980 iisdem
414 1918 517 1982 locum
529 1919 647 1982 habere
663 1919 767 1984 dicere
784 1939 847 1983 non
867 1925 999 2002 oportet.
1038 1940 1110 1982 num
1126 1919 1249 1982 noxalis

134 2041 273 2122 aquiliae
296 2043 379 2106 actio
403 2044 436 2106 iu
459 2044 497 2108 iis
522 2044 695 2128 optinebit?
724 2050 754 2108 et
778 2044 922 2108 dicimus:
952 2044 1092 2124 minime;
1121 2064 1194 2107 nam
1218 2044 1249 2108 in

134 2165 246 2230 eadem
279 2166 318 2230 de
354 2167 467 2232 damno
503 2168 647 2233 iniuria
679 2170 753 2234 dato
782 2170 924 2250 quaestio
956 2175 1017 2249 est,
1051 2169 1109 2232 ius
1144 2175 1248 2232 autem

134 2294 230 2368 atque
262 2289 402 2354 iniuria
430 2293 470 2355 ab
499 2293 604 2357 animo
632 2293 819 2376 procedunt,
856 2293 910 2374 qui
937 2294 1058 2357 ratione
1085 2293 1247 2376 praeditus

135 2420 197 2477 est:
215 2415 364 2479 animalia
388 2423 492 2481 autem
515 2417 637 2481 ratione
661 2425 776 2482 carent.
823 2419 897 2498 quid
922 2439 997 2500 ergo
1023 2419 1091 2481 est?
1114 2419 1164 2480 lex
1188 2419 1249 2481 XII
1271 2430 1309 2482 10¹

134 2539 312 2602 tabularum
351 2541 497 2605 noxalem
537 2541 691 2606 actionem
724 2542 763 2606 de
797 2543 836 2606 iis
869 2542 1018 2626 prodidit;
1059 2542 1112 2624 agi
1142 2543 1247 2624 itaque

134 2664 250 2746 poterit
277 2683 346 2727 omn
375 2665 500 2729 domino
529 2685 568 2729 ex
596 2667 667 2748 lege
695 2666 756 2729 XII
784 2667 962 2729 tabularum
990 2666 1097 2730 noxali
1125 2666 1248 2730 iudicio.

134 2787 162 2852 si
185 2787 280 2870 igitur
294 2789 429 2854 lasciuia
444 2796 499 2854 aut
513 2791 638 2856 feruore
654 2799 708 2856 aut
730 2792 855 2856 feritate
872 2791 998 2871 animal,
1024 2791 1107 2870 quod
1127 2791 1248 2854 ratione

134 2918 231 2988 caret,
248 2915 466 2996 pauperiem
489 2915 578 2978 mihi
593 2916 742 2998 lecerit,
766 2916 848 2980 idest
862 2916 938 2980 mihi
954 2916 1100 2980 damnum
1117 2915 1248 2995 dederit,

134 3036 258 3100 noxalis
282 3037 365 3101 actio
390 3039 523 3122 exlege
547 3041 609 3104 XII
632 3041 809 3104 tabularum
829 3041 934 3104 Iocum
949 3040 1092 3104 habebit:
1117 3046 1151 3103 ut
1174 3059 1247 3104 ecce
1270 3049 1306 3102 to

135 3179 235 3240 equus
259 3167 327 3225 erat
350 3163 547 3228 calcitrosus:
577 3165 665 3229 calce
694 3165 850 3245 quendam
878 3165 1055 3248 percutiens
1083 3166 1112 3227 ei
1135 3164 1248 3228 nocuit.

135 3285 238 3349 Locus
266 3294 371 3350 autem
402 3288 516 3352 actioni
543 3289 652 3352 noxali
675 3274 720 3353 ex
748 3290 819 3372 lege
847 3290 908 3353 XII
936 3289 1112 3352 tabularum
1140 3289 1172 3352 in
1200 3289 1249 3352 his

134 3409 334 3492 animalibus,
359 3431 440 3491 quae
457 3419 565 3477 contra
581 3419 726 3477 natmem
742 3413 918 3478 saeuientia
934 3414 1080 3478 damnum
1097 3413 1247 3477 dederint.
