3154 5338
538 386 767 449 —315-

106 573 252 654 inprime
277 573 475 638 institutione
501 573 598 638 locuti
623 591 748 637 sumus:
775 571 868 637 hodie
897 590 974 638 uero
1002 591 1072 637 cunr
1099 571 1214 635 iudicia

105 691 345 757 extraordinaria
366 691 444 769 sint,
475 695 508 757 et
536 691 619 756 omni
648 696 789 774 tempore
811 690 1003 769 habeantur,
1027 690 1137 756 merito
1160 690 1214 754 bo-

104 829 208 875 norum
236 811 432 876 uenditiones
459 812 491 876 in
519 832 579 877 usu
611 831 673 877 non
703 817 786 877 sunt.
831 815 864 876 et
893 813 919 876 si
948 830 1041 894 quem
1070 810 1213 892 pluribus

104 929 209 995 debere
237 935 430 1012 compertum
460 931 518 1010 sit,
549 929 650 997 officio
677 931 788 998 iudicis
819 932 914 998 datur
943 931 1152 996 creditoribus
1179 930 1214 994 li-

104 1049 197 1114 centia
223 1049 255 1114 in
284 1050 455 1115 communis
485 1049 635 1116 debitoris
662 1052 816 1117 bonorum
843 1050 1073 1136 possessionem
1095 1049 1248 1128 uenires

103 1188 194 1251 eaque
225 1169 389 1252 disponere
415 1174 511 1253 prout
539 1171 615 1255 ipsis
644 1172 703 1238 sibi
730 1172 808 1238 utile
839 1190 908 1238 esse
937 1170 1093 1236 uideatur.
1141 1170 1215 1236 licet

102 1295 201 1356 autem
222 1290 301 1356 haec
323 1309 361 1356 ex
375 1291 487 1356 latiore
502 1291 704 1373 Digestorum
720 1292 913 1374 expositione
927 1289 1096 1372 perfectius
1111 1308 1211 1355 nosse.

102 1408 176 1474 Olim
198 1427 275 1474 uero
302 1407 379 1475 baec
407 1409 453 1474 ita
473 1408 599 1476 fiebant
644 1412 671 1476 si
694 1412 781 1494 quis,
809 1429 880 1476 cnm
909 1409 1052 1492 pluribus
1075 1408 1212 1488 deberet,

101 1528 206 1594 deinde
227 1528 383 1607 latitaret,
411 1548 513 1611 neque
540 1530 707 1612 abaliquo
731 1529 966 1608 defenderetur,
994 1528 1213 1594 conuenientes

100 1647 266 1713 creditores
294 1653 472 1730 praetorem
499 1648 628 1714 adibant
655 1649 750 1732 idque
780 1651 864 1732 apud
891 1669 963 1715 eum
985 1649 1265 1731 querebantur310

99 1773 223 1849 praetor
243 1787 319 1834 uero
348 1769 393 1834 eis
421 1769 503 1833 bona
530 1768 680 1835 debitoris
702 1769 863 1852 possidere
885 1767 1082 1846 concedebat,
1110 1773 1214 1833 erant

99 1907 154 1968 qne
175 1888 209 1952 in
233 1906 341 1953 eorum
362 1887 558 1969 possessione
579 1907 636 1970 per
658 1893 760 1954 certos
784 1889 859 1954 dies.
897 1889 1011 1972 quibus
1034 1889 1212 1968 transactis,

98 2005 194 2072 altera
221 2004 317 2072 fiebat
345 2006 441 2072 aditio
472 2009 512 2074 ab
534 2010 652 2076 eisdem
673 2011 926 2093 postulantibus,
955 2015 992 2075 nt
1019 2011 1079 2075 sibi
1105 2010 1214 2075 liceret

97 2143 188 2190 unum
212 2144 251 2190 ex
273 2143 329 2191 suo
352 2144 482 2192 numero
505 2128 627 2210 eligere,
655 2149 827 2212 perquem
849 2131 1105 2197 bonauenirent.
1139 2147 1213 2194 nam

96 2263 161 2309 cum
183 2264 248 2310 non
270 2243 359 2312 facile
381 2265 488 2312 onmes
505 2247 598 2312 simul
613 2247 741 2314 cottidie
764 2250 930 2314 conuenire
952 2253 1090 2331 possent,
1114 2254 1263 2312 nnumin

96 2384 128 2431 en
150 2386 208 2432 suo
236 2384 366 2432 numero
395 2368 566 2449 eligebant,
595 2369 649 2450 qui
678 2369 866 2452 magister
894 2370 1069 2434 uocabatur
1096 2368 1213 2450 quique

95 2486 157 2568 ipse
179 2486 328 2568 deinceps
357 2505 428 2552 cum
456 2507 559 2553 emere
587 2489 766 2555 uolentibus
796 2488 1010 2555 contrahebat.
1055 2486 1212 2567 fiebatque

95 2605 281 2688 proscriptio
303 2605 335 2670 in
350 2607 524 2688 conspicuis
540 2607 627 2674 urbis
642 2609 786 2690 partibus
808 2609 885 2674 haec
908 2609 1085 2674 continens:
1111 2605 1212 2671 »Ille

97 2725 281 2790 »debitor
307 2731 442 2790 noster
469 2725 506 2790 in
529 2745 681 2792 causam
702 2727 845 2793 incidit
865 2728 1054 2792 bonorum
1076 2723 1212 2791 uendi·

96 2845 254 2910 »tionis:
277 2863 346 2910 nos
362 2845 445 2911 eius
461 2846 687 2912 creditores
703 2847 1090 2913 bonadistrahimns:
1114 2864 1211 2926 emp·
1228 2854 1262 2905 20

96 2971 177 3031 »tor
199 2965 267 3048 qui
290 2965 401 3030 uolet
430 2966 624 3030 accedat«.
669 2967 798 3045 Deinde,
822 2967 930 3050 paucis
952 2965 1066 3048 elapsis
1090 2964 1208 3042 diebus,

92 3086 184 3150 tertia
211 3102 337 3166 quoque
365 3083 460 3156 fiebat
485 3085 598 3165 aditio,
628 3106 692 3168 qua
724 3088 873 3170 »legem
899 3089 1086 3153 bonorum
1117 3103 1210 3149 uen-
1260 3149 1264 3156 ,

92 3204 336 3270 dandorum«
369 3202 471 3270 lacere
504 3206 780 3289 permittebantur:
818 3213 885 3273 tum
917 3208 999 3273 enim
1029 3203 1209 3288 praedictae
