3164 5338
571 385 798 464 ..333-

139 583 228 650 monis
249 583 299 662 sit,
322 583 410 651 iubet
431 588 559 668 praetor
579 588 613 650 te
626 584 773 652 heredem
788 589 861 652 ante
884 584 1072 652 condicionis
1095 588 1243 650 euentum

139 704 346 788 repromittere
378 708 411 770 et
442 721 554 772 enuere
586 710 633 784 te,
668 705 722 771 ubi
754 705 893 772 oondieio
923 706 1077 788 extiterit,
1105 704 1243 787 legatum

137 824 362 908 praestiturum.
407 825 441 889 id
462 826 489 890 si
515 826 607 892 heres
633 823 735 892 faeere
763 827 856 905 nolit,
885 827 917 891 in
944 826 1173 909 possessionem
1202 825 1244 890 la

136 949 219 1026 gatae
239 943 286 1010 rei
308 963 363 1010 seu
385 945 481 1010 etiam
496 949 636 1010 totorum
658 945 812 1010 bonorum
833 946 950 1010 mittor.
996 943 1167 1009 Praetoriis
1189 943 1244 1009 sti-

135 1063 339 1145 pulationibus
354 1063 449 1128 etiarn
464 1063 623 1130 aediliciae
638 1035 910 1142 connumerantur,
934 1083 1015 1146 quae
1037 1084 1075 1130 ex
1097 1063 1244 1129 aedilium
1260 1076 1278 1127 5

134 1181 339 1249 iurisdictione
365 1183 516 1266 originem
544 1183 670 1248 ducunt.
715 1185 784 1249 Hae
805 1184 908 1249 locum
934 1184 1051 1251 habent
1072 1184 1102 1248 in
1126 1184 1244 1249 cautio-

133 1301 226 1380 nibus,
246 1321 328 1384 quae
342 1301 423 1368 fiunt
435 1308 567 1386 propter
580 1303 660 1369 rufio
673 1322 838 1370 seruorum
852 1303 1103 1382 uendendorum;
1119 1307 1245 1386 oportet

133 1421 207 1486 enim
228 1421 425 1488 uenditorem
452 1425 586 1508 emptori
607 1425 828 1506 repromittere
849 1441 931 1500 sese,
954 1423 980 1488 si
1004 1422 1080 1504 quid
1102 1422 1172 1488 uitii
1194 1441 1244 1488 oo·

132 1540 200 1605 uuiti
225 1541 258 1606 in
285 1541 413 1608 uendite
439 1561 531 1609 seruo
553 1543 747 1622 inueniatur,
778 1543 867 1608 uerbi
890 1543 1005 1624 gretia
1036 1542 1167 1626 duplum
1190 1543 1244 1608 da-

98 1660 272 1744 uturum¹).
317 1663 346 1726 3.
375 1661 717 1729 conuentionales
744 1667 833 1741 sunt,
863 1680 944 1744 quae
973 1680 1009 1727 ex
1037 1662 1243 1728 conuentione
1264 1673 1294 1723 ro

131 1779 411 1863 utriusquepartis
433 1779 528 1859 fiunt,
556 1781 639 1848 idest
660 1800 761 1863 neque
787 1781 876 1848 iussu
898 1780 1009 1846 iudicis
1031 1800 1134 1863 neque
1154 1782 1242 1848 iussu

130 1899 289 1980 praetoris,
312 1904 361 1965 set
382 1920 420 1966 ex
441 1901 605 1968 uoluntate
624 1902 887 1968 contrahentium:
911 1900 1105 1982 totidemque
1128 1920 1243 1983 genera

96 2031 115 2080 a.
131 2020 408 2086 conuentionaiium
419 2021 657 2104 stipulationum
668 2026 746 2104 quot
756 2021 821 2088 fere
835 2027 868 2087 et
879 2026 1068 2087 contractus.
1092 2023 1120 2085 4.
1138 2020 1242 2086 Coro·

129 2157 260 2205 munes
290 2145 365 2206 sunt
392 2141 625 2224 stipulationes,
661 2141 759 2208 ueluti
791 2160 871 2208 rem
907 2141 1056 2223 pupilli
1091 2141 1241 2206 saluam

129 2256 221 2337 fore;
247 2264 378 2342 praetor
398 2262 481 2326 enim
503 2263 708 2328 constitutum
729 2267 868 2327 tutorem
890 2279 1002 2327 cauere
1024 2260 1126 2338 iubet,
1150 2261 1242 2326 sicuti
1262 2268 1293 2319 15

128 2377 156 2440 in
176 2378 206 2442 1⁰
225 2379 451 2450 Institutorum
466 2381 546 2447 libro
562 2381 680 2446 dietum
695 2386 752 2458 est,
772 2380 944 2446 »saluam
960 2384 998 2445 et
1012 2379 1241 2445 incolumem

128 2517 202 2564 rem
223 2500 370 2583 pupilli
391 2499 502 2568 iore«
543 2502 629 2585 quod
651 2503 678 2568 si
703 2507 776 2570 ante
797 2500 1035 2568 satisdationem
1058 2504 1134 2582 eget
1153 2505 1242 2565 tutor

128 2643 326 2668 —ssn—

191 2737 211 2808 ¹)
229 2737 272 2793 De
290 2753 320 2793 re
338 2738 385 2793 ofr.
402 2737 504 2794 Lonal
522 2737 655 2795 Edictum.
673 2744 732 2794 441.
