3154 5338
550 417 780 480 -316-

116 602 325 685 proscriptioni
339 604 415 669 baec
431 602 602 670 addebant:
622 604 913 670 »creditoribus
928 607 1085 686 emptor
1101 604 1226 686 (uerbi

118 724 284 808 agretia)
313 724 352 788 in
374 723 581 788 dimidiam
604 724 709 789 aeris
737 724 861 790 alieni
884 727 1030 806 partem
1052 727 1225 802 tenetur,

118 848 177 908 »ut
198 844 259 909 oui
283 843 307 910 Ο
330 843 569 921 debeantur,
601 843 626 908 L
655 844 841 926 accipiat,
871 849 908 909 et
931 846 995 909 oui
1018 845 1090 924 CO,
1120 845 1227 912 an-

117 963 290 1046 ›cipiat«.
314 969 347 1029 ct
369 983 439 1029 cum
460 968 533 1045 post
547 963 624 1029 haec
646 962 846 1047 praefinitum
867 968 991 1046 tempus
1012 969 1096 1030 esset
1118 965 1227 1030 decur-

114 1103 190 1163 sum,
220 1089 295 1150 tunc
318 1085 401 1150 bona
421 1079 556 1166 'emptori
583 1083 818 1149 addicebantur.
863 1089 895 1149 et
916 1083 1091 1149 uocabatur
1117 1085 1144 1150 is
1173 1086 1261 1166 quio

114 1208 225 1269 emerat
258 1204 472 1278 »bonorum
501 1208 695 1286 emptor«;
724 1223 894 1286 omnesque
923 1205 1061 1269 actiones
1089 1223 1170 1286 quae
1199 1205 1227 1270 ei

113 1324 189 1389 etin
213 1343 301 1402 eum,
333 1323 422 1390 ouius
451 1324 535 1389 bona
562 1324 742 1402 uenierant,
771 1323 990 1406 competebant
1012 1323 1052 1388 ad
1074 1325 1227 1389 bonorum

114 1448 280 1526 emptorem
302 1443 588 1521 transferebantur,
616 1443 671 1525 qui
693 1443 813 1508 utiliter
835 1443 949 1524 agebat
971 1448 1003 1508 et
1024 1444 1228 1510 conuenieba-

113 1567 160 1628 tur
180 1563 275 1629 sicuti
297 1563 392 1629 etiam
414 1563 568 1628 bonorum
589 1581 765 1645 possessor:
789 1567 923 1644 uterque
946 1563 1027 1628 enim
1049 1563 1227 1645 praetorius

113 1688 156 1749 est
176 1701 348 1749 successor.
394 1683 458 1762 Set,
482 1683 529 1747 uti
552 1682 670 1748 dictum
693 1688 750 1758 est,
774 1682 927 1747 eiusmodi
949 1701 1056 1748 omncs
1079 1682 1227 1765 ambages
1248 1696 1279 1746 lo

81 1806 98 1856 1.
113 1802 196 1870 bodie
220 1809 441 1882 cessauerunt,
472 1822 543 1868 curn
565 1803 815 1868 extraordinaria
840 1802 956 1868 iudicia
978 1803 1050 1868 sint.
1097 1808 1124 1868 1.
1148 1805 1229 1870 Erat

112 1923 262 1990 etaltera
283 1943 340 2007 per
360 1925 601 1990 uniuersitatem
624 1924 779 1991 successio
802 1943 883 2006 quae
904 1923 1076 2012 Claudiano
1099 1931 1227 1992 senatus

113 2043 249 2108 consulto
278 2045 460 2110 introducta
488 2043 601 2110 fuerat.
646 2063 719 2109 nam
741 2044 769 2109 si
796 2043 897 2109 libera
925 2045 1038 2111 mulier
1059 2046 1121 2111 mei
1143 2047 1228 2112 111111

113 2181 211 2229 amore
224 2164 439 2244 detineretur,
462 2164 586 2231 etideo
607 2165 674 2230 eius
689 2164 897 2230 ministerium
919 2164 1134 2246 impediretur,
1157 2167 1228 2232 lice

111 2282 160 2348 bat
173 2283 251 2348 mibi
274 2285 302 2350 ei
320 2284 589 2350 denuntiationem
605 2285 740 2362 mittere,
763 2284 825 2349 VII
847 2284 981 2350 testibus
997 2287 1226 2367 praesentibus,
1247 2295 1278 2346 15

112 2421 168 2483 qua
189 2405 278 2469 illam
307 2424 466 2471 monerem
488 2410 525 2470 ut
551 2423 571 2469 a
592 2423 685 2469 seruo
707 2423 776 2468 meo
800 2403 982 2470 discederet.
1017 2406 1043 2471 si
1066 2425 1143 2472 uero
1165 2425 1227 2471 non

111 2523 300 2604 discedebat,
326 2527 426 2593 altera
447 2526 495 2593 uti
516 2530 659 2608 poteram
682 2523 934 2604 denuntiatione3
964 2525 1049 2606 quod
1071 2526 1098 2590 si
1120 2527 1174 2591 illa
1196 2527 1228 2591 in

110 2643 212 2710 iisdem
236 2647 434 2728 persisteret,
466 2646 560 2711 tertio
591 2664 716 2727 quoque
739 2645 767 2709 ei
791 2645 1022 2710 denuntiabam.
1068 2645 1178 2711 deinde
1201 2647 1227 2711 si

111 2782 196 2830 seruo
219 2784 290 2830 meo
312 2785 375 2831 non
405 2765 592 2843 abstineret,
621 2765 842 2846 magistratum
870 2764 909 2830 de
939 2764 1228 2833 denuntiationibus

111 2885 272 2951 certiorem
294 2883 461 2962 faciebam,
493 2889 525 2950 et
553 2885 752 2950 interlocutio
778 2883 890 2963 fiebat,
918 2903 982 2966 qua
1011 2885 1065 2949 illa
1094 2885 1169 2950 mihi
1197 2887 1228 2951 in
1246 2894 1281 2945 ao

110 3005 294 3070 semitutem
317 3004 533 3084 addicebatur,
555 3009 588 3070 et
608 3003 721 3070 fiebam
739 3023 802 3069 non
824 3008 948 3069 tantum
970 3005 1109 3070 mulieris
1132 3005 1229 3070 dorni·

110 3142 172 3202 nus,
196 3129 248 3190 set
271 3125 366 3190 etiam
390 3125 456 3189 eius
480 3125 641 3189 bonorum.
687 3125 755 3189 Hoc
777 3143 853 3189 uero
880 3123 1041 3206 indignum
1064 3125 1129 3190 suis
1152 3131 1229 3190 tem·

109 3245 233 3324 poribus
263 3264 332 3311 esse
362 3246 543 3311 existimans
572 3245 731 3328 piissimus
759 3246 931 3327 imperator
959 3248 1068 3310 noster
1089 3245 1227 3323 sustulit,

111 3367 200 3446 atoue
223 3365 406 3447 exlegibus
429 3365 494 3431 suis
520 3365 616 3431 deleri
638 3366 746 3446 iussit,
775 3384 877 3448 neque
898 3384 1010 3447 passus
1034 3370 1083 3431 est
1109 3366 1140 3430 in
1163 3366 1228 3431 suis

85 3482 199 3574 'inseri
235 3486 375 3568 digestis.
419 3487 527 3568 itaque
563 3485 775 3552 successiones
808 3505 865 3568 per
896 3485 1136 3551 uniuersitatem
1169 3486 1229 3551 hae
1246 3494 1280 3546 25

111 3611 195 3671 sunt:
218 3605 398 3684 hereditas,
420 3605 573 3670 bonorum
597 3606 768 3688 possessio,
798 3606 952 3672 successio
974 3624 1031 3687 per
1053 3604 1230 3686 adrogatio-
