<?xml version="1.0" encoding="UTF-8"?>
<!DOCTYPE html PUBLIC "-//W3C//DTD XHTML 1.0 Transitional//EN"
    "http://www.w3.org/TR/xhtml1/DTD/xhtml1-transitional.dtd">
<html xmlns="http://www.w3.org/1999/xhtml" xml:lang="en" lang="en">
 <head>
  <title>
</title>
<meta http-equiv="Content-Type" content="text/html;charset=utf-8" />
  <meta name='ocr-system' content='tesseract 3.04.00' />
  <meta name='ocr-capabilities' content='ocr_page ocr_carea ocr_par ocr_line ocrx_word'/>
</head>
<body>
  <div class='ocr_page' id='page_1' title='image "./institutionumgr01linggoog_0275.png"; bbox 0 0 3298 5322; ppageno 0'>
   <div class='ocr_carea' id='block_1_1' title="bbox 554 469 796 532">
    <p class='ocr_par' dir='ltr' id='par_1_1' title="bbox 554 469 796 532">
     <span class='ocr_line' id='line_1_1' title="bbox 554 469 796 532; baseline 0 0"><span class='ocrx_word' id='word_1_1' title='bbox 554 469 796 532; x_wconf 86' lang='lat'>-383-</span> 
     </span>
    </p>
   </div>
   <div class='ocr_carea' id='block_1_2' title="bbox 91 641 1294 1227">
    <p class='ocr_par' dir='ltr' id='par_1_2' title="bbox 91 641 1294 1227">
     <span class='ocr_line' id='line_1_2' title="bbox 123 641 1234 728; baseline 0.004 -24"><span class='ocrx_word' id='word_1_2' title='bbox 123 641 221 705; x_wconf 86' lang='lat' dir='ltr'>hoium</span> <span class='ocrx_word' id='word_1_3' title='bbox 243 661 306 706; x_wconf 92' lang='lat' dir='ltr'>non</span> <span class='ocrx_word' id='word_1_4' title='bbox 329 647 448 708; x_wconf 86' lang='lat' dir='ltr'>tantum</span> <span class='ocrx_word' id='word_1_5' title='bbox 471 643 538 707; x_wconf 91' lang='lat' dir='ltr'>iure</span> <span class='ocrx_word' id='word_1_6' title='bbox 562 643 657 725; x_wconf 89' lang='lat' dir='ltr'>oiuili,</span> <span class='ocrx_word' id='word_1_7' title='bbox 683 649 730 708; x_wconf 90' lang='lat' dir='ltr'>set</span> <span class='ocrx_word' id='word_1_8' title='bbox 752 644 820 708; x_wconf 91' lang='lat' dir='ltr'>iure</span> <span class='ocrx_word' id='word_1_9' title='bbox 837 663 961 725; x_wconf 88' lang='lat' dir='ltr'>quoque</span> <span class='ocrx_word' id='word_1_10' title='bbox 976 645 1114 708; x_wconf 83' lang='lat' dir='ltr'>naturali</span> <span class='ocrx_word' id='word_1_11' title='bbox 1128 645 1234 728; x_wconf 92' lang='lat' dir='ltr'>prohi-</span> 
     </span>
     <span class='ocr_line' id='line_1_3' title="bbox 91 766 1232 851; baseline 0.002 -19"><span class='ocrx_word' id='word_1_12' title='bbox 91 766 214 832; x_wconf 81' lang='lat' dir='ltr'>2.hitum</span> <span class='ocrx_word' id='word_1_13' title='bbox 234 773 288 830; x_wconf 88' lang='lat' dir='ltr'>est.</span> <span class='ocrx_word' id='word_1_14' title='bbox 323 769 353 832; x_wconf 83' lang='lat'>2.</span> <span class='ocrx_word' id='word_1_15' title='bbox 376 766 499 830; x_wconf 79' lang='lat' dir='ltr'>Dicitur</span> <span class='ocrx_word' id='word_1_16' title='bbox 515 773 619 832; x_wconf 84' lang='lat' dir='ltr'>autern</span> <span class='ocrx_word' id='word_1_17' title='bbox 638 768 775 832; x_wconf 85' lang='lat' dir='ltr'>furtum</span> <span class='ocrx_word' id='word_1_18' title='bbox 800 789 838 832; x_wconf 80' lang='lat' dir='ltr'>»a</span> <span class='ocrx_word' id='word_1_19' title='bbox 854 769 962 832; x_wconf 86' lang='lat' dir='ltr'>furuo</span> <span class='ocrx_word' id='word_1_20' title='bbox 979 768 1079 833; x_wconf 89' lang='lat' dir='ltr'>idest</span> <span class='ocrx_word' id='word_1_21' title='bbox 1093 769 1232 851; x_wconf 80' lang='lat' dir='ltr'>nigro«,</span> 
     </span>
     <span class='ocr_line' id='line_1_4' title="bbox 122 891 1232 976; baseline 0.005 -23"><span class='ocrx_word' id='word_1_22' title='bbox 122 891 202 970; x_wconf 91' lang='lat' dir='ltr'>quod</span> <span class='ocrx_word' id='word_1_23' title='bbox 220 891 301 954; x_wconf 84' lang='lat' dir='ltr'>olem</span> <span class='ocrx_word' id='word_1_24' title='bbox 318 897 349 955; x_wconf 92' lang='lat' dir='ltr'>et</span> <span class='ocrx_word' id='word_1_25' title='bbox 365 893 497 956; x_wconf 82' lang='lat' dir='ltr'><strong>obscure</strong></span> <span class='ocrx_word' id='word_1_26' title='bbox 513 892 547 956; x_wconf 90' lang='lat' dir='ltr'>fit</span> <span class='ocrx_word' id='word_1_27' title='bbox 563 899 594 957; x_wconf 89' lang='lat' dir='ltr'>et</span> <span class='ocrx_word' id='word_1_28' title='bbox 609 893 793 976; x_wconf 89' lang='lat' dir='ltr'>plerumque</span> <span class='ocrx_word' id='word_1_29' title='bbox 810 899 919 957; x_wconf 87' lang='lat' dir='ltr'>noetu:</span> <span class='ocrx_word' id='word_1_30' title='bbox 943 893 993 958; x_wconf 89' lang='lat' dir='ltr'>uel</span> <span class='ocrx_word' id='word_1_31' title='bbox 1012 915 1050 957; x_wconf 82' lang='lat' dir='ltr'>»a</span> <span class='ocrx_word' id='word_1_32' title='bbox 1070 895 1232 976; x_wconf 73' lang='lat' dir='ltr'>fraude«,</span> 
     </span>
     <span class='ocr_line' id='line_1_5' title="bbox 122 1015 1236 1084; baseline 0.004 -6"><span class='ocrx_word' id='word_1_33' title='bbox 122 1015 216 1078; x_wconf 91' lang='lat' dir='ltr'>omnis</span> <span class='ocrx_word' id='word_1_34' title='bbox 253 1015 335 1078; x_wconf 91' lang='lat' dir='ltr'>enim</span> <span class='ocrx_word' id='word_1_35' title='bbox 362 1015 412 1079; x_wconf 87' lang='lat' dir='ltr'>fur</span> <span class='ocrx_word' id='word_1_36' title='bbox 446 1015 590 1080; x_wconf 84' lang='lat' dir='ltr'>fraudem</span> <span class='ocrx_word' id='word_1_37' title='bbox 625 1017 774 1081; x_wconf 81' lang='lat' dir='ltr'><strong>admittit:</strong></span> <span class='ocrx_word' id='word_1_38' title='bbox 809 1019 861 1082; x_wconf 90' lang='lat' dir='ltr'>uel</span> <span class='ocrx_word' id='word_1_39' title='bbox 889 1039 908 1081; x_wconf 86' lang='lat' dir='ltr'>a</span> <span class='ocrx_word' id='word_1_40' title='bbox 933 1019 1104 1083; x_wconf 85' lang='lat' dir='ltr'>»ferendo</span> <span class='ocrx_word' id='word_1_41' title='bbox 1133 1019 1236 1084; x_wconf 90' lang='lat' dir='ltr'>idest</span> 
     </span>
     <span class='ocr_line' id='line_1_6' title="bbox 121 1140 1294 1227; baseline 0.004 -24"><span class='ocrx_word' id='word_1_42' title='bbox 121 1140 353 1222; x_wconf 78' lang='lat' dir='ltr'>auferendo«,</span> <span class='ocrx_word' id='word_1_43' title='bbox 382 1141 465 1206; x_wconf 90' lang='lat' dir='ltr'>idest</span> <span class='ocrx_word' id='word_1_44' title='bbox 492 1141 654 1225; x_wconf 82' lang='lat' dir='ltr'>subripere</span> <span class='ocrx_word' id='word_1_45' title='bbox 684 1148 778 1222; x_wconf 85' lang='lat' dir='ltr'>atque</span> <span class='ocrx_word' id='word_1_46' title='bbox 807 1143 961 1225; x_wconf 74' lang='lat' dir='ltr'>adimere,</span> <span class='ocrx_word' id='word_1_47' title='bbox 991 1145 1042 1208; x_wconf 91' lang='lat' dir='ltr'>uel</span> <span class='ocrx_word' id='word_1_48' title='bbox 1071 1164 1091 1206; x_wconf 87' lang='lat' dir='ltr'>a</span> <span class='ocrx_word' id='word_1_49' title='bbox 1120 1164 1235 1227; x_wconf 75' lang='lat' dir='ltr'>graeco</span> <span class='ocrx_word' id='word_1_50' title='bbox 1273 1157 1294 1207; x_wconf 76' lang='grc'>5-</span> 
     </span>
    </p>
   </div>
   <div class='ocr_carea' id='block_1_3' title="bbox 120 1263 1235 1354">
    <p class='ocr_par' dir='ltr' id='par_1_3' title="bbox 120 1263 1235 1354">
     <span class='ocr_line' id='line_1_7' title="bbox 120 1263 1235 1354; baseline 0.004 -26"><span class='ocrx_word' id='word_1_51' title='bbox 120 1284 274 1346; x_wconf 82' lang='lat' dir='ltr'>sermone,</span> <span class='ocrx_word' id='word_1_52' title='bbox 311 1265 431 1329; x_wconf 86' lang='lat' dir='ltr'>soiiioet</span> <span class='ocrx_word' id='word_1_53' title='bbox 455 1287 475 1329; x_wconf 86' lang='lat' dir='ltr'>a</span> <span class='ocrx_word' id='word_1_54' title='bbox 497 1267 595 1330; x_wconf 90' lang='lat' dir='ltr'>uerbo</span> <span class='ocrx_word' id='word_1_55' title='bbox 626 1263 740 1352; x_wconf 68' lang='grc' dir='ltr'><em>»φώραι</em></span> <span class='ocrx_word' id='word_1_56' title='bbox 771 1267 879 1349; x_wconf 86' lang='lat' dir='ltr'>graeei</span> <span class='ocrx_word' id='word_1_57' title='bbox 907 1268 990 1332; x_wconf 90' lang='lat' dir='ltr'>enim</span> <span class='ocrx_word' id='word_1_58' title='bbox 1013 1264 1125 1354; x_wconf 78' lang='grc' dir='ltr'><strong><em>φῶρας</em></strong></span> <span class='ocrx_word' id='word_1_59' title='bbox 1148 1269 1235 1334; x_wconf 89' lang='lat' dir='ltr'>fures</span> 
     </span>
    </p>
   </div>
   <div class='ocr_carea' id='block_1_4' title="bbox 90 1387 1293 3474">
    <p class='ocr_par' dir='ltr' id='par_1_4' title="bbox 121 1387 1235 1476">
     <span class='ocr_line' id='line_1_8' title="bbox 121 1387 1235 1476; baseline 0.004 -24"><span class='ocrx_word' id='word_1_60' title='bbox 121 1391 280 1472; x_wconf 78' lang='lat' dir='ltr'>appellant</span> <span class='ocrx_word' id='word_1_61' title='bbox 320 1387 390 1454; x_wconf 75' lang='grc' dir='ltr'>ἅπό</span> <span class='ocrx_word' id='word_1_62' title='bbox 423 1392 482 1454; x_wconf 78' lang='grc' dir='ltr'>τοῦ</span> <span class='ocrx_word' id='word_1_63' title='bbox 517 1390 640 1476; x_wconf 79' lang='grc' dir='ltr'><em>φέρειν·</em></span> <span class='ocrx_word' id='word_1_64' title='bbox 675 1395 812 1476; x_wconf 65' lang='lat' dir='ltr'>»pipern«</span> <span class='ocrx_word' id='word_1_65' title='bbox 848 1399 953 1456; x_wconf 87' lang='lat' dir='ltr'>autem</span> <span class='ocrx_word' id='word_1_66' title='bbox 992 1393 1148 1474; x_wconf 82' lang='lat' dir='ltr'>signifieat</span> <span class='ocrx_word' id='word_1_67' title='bbox 1184 1413 1235 1457; x_wconf 89' lang='lat' dir='ltr'>res</span> 
     </span>
    </p>

    <p class='ocr_par' dir='ltr' id='par_1_5' title="bbox 90 1515 1293 3474">
     <span class='ocr_line' id='line_1_9' title="bbox 90 1515 1236 1600; baseline 0.006 -25"><span class='ocrx_word' id='word_1_68' title='bbox 90 1526 110 1575; x_wconf 86' lang='lat'>3.</span> <span class='ocrx_word' id='word_1_69' title='bbox 119 1515 238 1578; x_wconf 77' lang='lat' dir='ltr'>alienes</span> <span class='ocrx_word' id='word_1_70' title='bbox 268 1516 390 1579; x_wconf 80' lang='lat' dir='ltr'>auferre</span> <span class='ocrx_word' id='word_1_71' title='bbox 400 1517 429 1596; x_wconf 83' lang='lat'>¹).</span> <span class='ocrx_word' id='word_1_72' title='bbox 477 1519 505 1582; x_wconf 89' lang='lat'>3.</span> <span class='ocrx_word' id='word_1_73' title='bbox 528 1517 692 1580; x_wconf 80' lang='lat' dir='ltr'>Furtorum</span> <span class='ocrx_word' id='word_1_74' title='bbox 714 1524 817 1580; x_wconf 83' lang='lat' dir='ltr'>eutem</span> <span class='ocrx_word' id='word_1_75' title='bbox 842 1537 912 1581; x_wconf 90' lang='lat' dir='ltr'>esse</span> <span class='ocrx_word' id='word_1_76' title='bbox 937 1518 998 1581; x_wconf 91' lang='lat' dir='ltr'>duo</span> <span class='ocrx_word' id='word_1_77' title='bbox 1028 1538 1147 1600; x_wconf 84' lang='lat' dir='ltr'>genera</span> <span class='ocrx_word' id='word_1_78' title='bbox 1174 1539 1236 1582; x_wconf 92' lang='lat' dir='ltr'>non</span> 
     </span>
     <span class='ocr_line' id='line_1_10' title="bbox 120 1640 1235 1722; baseline 0.003 -19"><span class='ocrx_word' id='word_1_79' title='bbox 120 1640 300 1722; x_wconf 71' lang='lat' dir='ltr'>ambigitur,</span> <span class='ocrx_word' id='word_1_80' title='bbox 326 1641 475 1704; x_wconf 85' lang='lat' dir='ltr'>autenim</span> <span class='ocrx_word' id='word_1_81' title='bbox 490 1641 730 1706; x_wconf 82' lang='lat' dir='ltr'>manifestum</span> <span class='ocrx_word' id='word_1_82' title='bbox 746 1647 795 1706; x_wconf 89' lang='lat' dir='ltr'>est</span> <span class='ocrx_word' id='word_1_83' title='bbox 816 1649 870 1706; x_wconf 87' lang='lat' dir='ltr'>aut</span> <span class='ocrx_word' id='word_1_84' title='bbox 892 1662 959 1707; x_wconf 90' lang='lat' dir='ltr'>neo</span> <span class='ocrx_word' id='word_1_85' title='bbox 983 1643 1235 1707; x_wconf 85' lang='lat' dir='ltr'>manifestum.</span> 
     </span>
     <span class='ocr_line' id='line_1_11' title="bbox 119 1767 1292 1850; baseline 0.001 -23"><span class='ocrx_word' id='word_1_86' title='bbox 119 1785 189 1828; x_wconf 83' lang='lat' dir='ltr'>nam</span> <span class='ocrx_word' id='word_1_87' title='bbox 213 1771 437 1848; x_wconf 89' lang='lat' dir='ltr'>oonoeptum</span> <span class='ocrx_word' id='word_1_88' title='bbox 461 1773 492 1830; x_wconf 92' lang='lat' dir='ltr'>et</span> <span class='ocrx_word' id='word_1_89' title='bbox 512 1767 678 1830; x_wconf 87' lang='lat' dir='ltr'>oblatum</span> <span class='ocrx_word' id='word_1_90' title='bbox 702 1768 824 1850; x_wconf 85' lang='lat' dir='ltr'>speeies</span> <span class='ocrx_word' id='word_1_91' title='bbox 849 1773 920 1830; x_wconf 90' lang='lat' dir='ltr'>sunt</span> <span class='ocrx_word' id='word_1_92' title='bbox 943 1768 1046 1850; x_wconf 92' lang='lat' dir='ltr'>potius</span> <span class='ocrx_word' id='word_1_93' title='bbox 1066 1769 1233 1850; x_wconf 79' lang='lat' dir='ltr'>sotionum,</span> <span class='ocrx_word' id='word_1_94' title='bbox 1256 1777 1292 1829; x_wconf 89' lang='lat'>10</span> 
     </span>
     <span class='ocr_line' id='line_1_12' title="bbox 120 1885 1237 1975; baseline 0.004 -23"><span class='ocrx_word' id='word_1_95' title='bbox 120 1909 198 1970; x_wconf 87' lang='lat' dir='ltr'>quae</span> <span class='ocrx_word' id='word_1_96' title='bbox 223 1910 264 1954; x_wconf 85' lang='lat' dir='ltr'>ex</span> <span class='ocrx_word' id='word_1_97' title='bbox 287 1885 380 1954; x_wconf 86' lang='lat' dir='ltr'>furto</span> <span class='ocrx_word' id='word_1_98' title='bbox 393 1898 577 1972; x_wconf 81' lang='lat' dir='ltr'>naseuntur,</span> <span class='ocrx_word' id='word_1_99' title='bbox 603 1912 658 1955; x_wconf 87' lang='lat' dir='ltr'>seu</span> <span class='ocrx_word' id='word_1_100' title='bbox 681 1893 763 1957; x_wconf 87' lang='lat' dir='ltr'>furto</span> <span class='ocrx_word' id='word_1_101' title='bbox 788 1893 971 1973; x_wconf 81' lang='lat' dir='ltr'>cohaerent,</span> <span class='ocrx_word' id='word_1_102' title='bbox 1001 1913 1095 1974; x_wconf 85' lang='lat' dir='ltr'>quam</span> <span class='ocrx_word' id='word_1_103' title='bbox 1118 1913 1237 1975; x_wconf 82' lang='lat' dir='ltr'>genera</span> 
     </span>
     <span class='ocr_line' id='line_1_13' title="bbox 118 1999 1236 2098; baseline 0.002 -20"><span class='ocrx_word' id='word_1_104' title='bbox 118 2014 280 2095; x_wconf 84' lang='lat' dir='ltr'>furtorum,</span> <span class='ocrx_word' id='word_1_105' title='bbox 305 2016 386 2079; x_wconf 87' lang='lat' dir='ltr'>siout</span> <span class='ocrx_word' id='word_1_106' title='bbox 400 1999 530 2080; x_wconf 84' lang='lat' dir='ltr'>inferius</span> <span class='ocrx_word' id='word_1_107' title='bbox 547 2017 711 2081; x_wconf 77' lang='lat' dir='ltr'>discemus.</span> <span class='ocrx_word' id='word_1_108' title='bbox 743 2018 969 2082; x_wconf 83' lang='lat' dir='ltr'>manifestus</span> <span class='ocrx_word' id='word_1_109' title='bbox 992 2019 1042 2082; x_wconf 86' lang='lat' dir='ltr'>fur</span> <span class='ocrx_word' id='word_1_110' title='bbox 1062 2025 1119 2098; x_wconf 88' lang='lat' dir='ltr'>est,</span> <span class='ocrx_word' id='word_1_111' title='bbox 1145 2038 1236 2098; x_wconf 90' lang='lat' dir='ltr'>quem</span> 
     </span>
     <span class='ocr_line' id='line_1_14' title="bbox 118 2137 1234 2227; baseline 0.004 -25"><span class='ocrx_word' id='word_1_112' title='bbox 118 2141 223 2220; x_wconf 80' lang='lat' dir='ltr'>graeei</span> <span class='ocrx_word' id='word_1_113' title='bbox 246 2137 300 2202; x_wconf 79' lang='grc' dir='ltr'>ἐπ’</span> <span class='ocrx_word' id='word_1_114' title='bbox 325 2137 508 2227; x_wconf 75' lang='grc' dir='ltr'><strong><em>αὐτοφώρῳ</em></strong></span> <span class='ocrx_word' id='word_1_115' title='bbox 526 2142 754 2225; x_wconf 87' lang='lat' dir='ltr'>deprehensum</span> <span class='ocrx_word' id='word_1_116' title='bbox 778 2143 894 2224; x_wconf 85' lang='lat' dir='ltr'>dieunt,</span> <span class='ocrx_word' id='word_1_117' title='bbox 919 2162 977 2206; x_wconf 90' lang='lat' dir='ltr'>neo</span> <span class='ocrx_word' id='word_1_118' title='bbox 994 2143 1095 2206; x_wconf 85' lang='lat' dir='ltr'>solum</span> <span class='ocrx_word' id='word_1_119' title='bbox 1110 2143 1160 2207; x_wconf 89' lang='lat' dir='ltr'>hio</span> <span class='ocrx_word' id='word_1_120' title='bbox 1177 2149 1234 2222; x_wconf 89' lang='lat' dir='ltr'>est,</span> 
     </span>
     <span class='ocr_line' id='line_1_15' title="bbox 118 2264 1234 2348; baseline 0.004 -20"><span class='ocrx_word' id='word_1_121' title='bbox 118 2264 169 2343; x_wconf 89' lang='lat' dir='ltr'>qui</span> <span class='ocrx_word' id='word_1_122' title='bbox 190 2265 225 2328; x_wconf 89' lang='lat' dir='ltr'>in</span> <span class='ocrx_word' id='word_1_123' title='bbox 248 2265 318 2348; x_wconf 90' lang='lat' dir='ltr'>ipso</span> <span class='ocrx_word' id='word_1_124' title='bbox 342 2266 424 2329; x_wconf 87' lang='lat' dir='ltr'>furto</span> <span class='ocrx_word' id='word_1_125' title='bbox 449 2266 706 2348; x_wconf 85' lang='lat' dir='ltr'>deprehenditur,</span> <span class='ocrx_word' id='word_1_126' title='bbox 735 2273 783 2330; x_wconf 90' lang='lat' dir='ltr'>set</span> <span class='ocrx_word' id='word_1_127' title='bbox 805 2267 858 2331; x_wconf 91' lang='lat' dir='ltr'>ille</span> <span class='ocrx_word' id='word_1_128' title='bbox 888 2267 997 2348; x_wconf 87' lang='lat' dir='ltr'>etiam,</span> <span class='ocrx_word' id='word_1_129' title='bbox 1028 2268 1081 2348; x_wconf 92' lang='lat' dir='ltr'>qui</span> <span class='ocrx_word' id='word_1_130' title='bbox 1104 2287 1141 2331; x_wconf 95' lang='lat' dir='ltr'>eo</span> <span class='ocrx_word' id='word_1_131' title='bbox 1165 2269 1234 2332; x_wconf 92' lang='lat' dir='ltr'>looo</span> 
     </span>
     <span class='ocr_line' id='line_1_16' title="bbox 120 2388 1292 2472; baseline 0 -21"><span class='ocrx_word' id='word_1_132' title='bbox 120 2388 371 2472; x_wconf 87' lang='lat' dir='ltr'>deprehenditur,</span> <span class='ocrx_word' id='word_1_133' title='bbox 390 2410 450 2470; x_wconf 93' lang='lat' dir='ltr'>quo</span> <span class='ocrx_word' id='word_1_134' title='bbox 466 2389 581 2454; x_wconf 90' lang='lat' dir='ltr'>furtum</span> <span class='ocrx_word' id='word_1_135' title='bbox 596 2391 638 2454; x_wconf 92' lang='lat' dir='ltr'>fit.</span> <span class='ocrx_word' id='word_1_136' title='bbox 672 2397 706 2455; x_wconf 90' lang='lat' dir='ltr'>ut</span> <span class='ocrx_word' id='word_1_137' title='bbox 723 2411 796 2455; x_wconf 90' lang='lat' dir='ltr'>eooe</span> <span class='ocrx_word' id='word_1_138' title='bbox 812 2391 845 2454; x_wconf 93' lang='lat' dir='ltr'>in</span> <span class='ocrx_word' id='word_1_139' title='bbox 861 2392 997 2471; x_wconf 84' lang='lat' dir='ltr'>quadam</span> <span class='ocrx_word' id='word_1_140' title='bbox 1014 2391 1105 2456; x_wconf 89' lang='lat' dir='ltr'>domo</span> <span class='ocrx_word' id='word_1_141' title='bbox 1122 2393 1236 2456; x_wconf 84' lang='lat' dir='ltr'>turtum</span> <span class='ocrx_word' id='word_1_142' title='bbox 1256 2399 1292 2451; x_wconf 75' lang='lat'>15</span> 
     </span>
     <span class='ocr_line' id='line_1_17' title="bbox 120 2514 1235 2600; baseline 0.003 -22"><span class='ocrx_word' id='word_1_143' title='bbox 120 2514 233 2596; x_wconf 85' lang='lat' dir='ltr'>aliquis</span> <span class='ocrx_word' id='word_1_144' title='bbox 259 2514 394 2596; x_wconf 84' lang='lat' dir='ltr'>admisit,</span> <span class='ocrx_word' id='word_1_145' title='bbox 419 2522 450 2579; x_wconf 92' lang='lat' dir='ltr'>et</span> <span class='ocrx_word' id='word_1_146' title='bbox 472 2517 609 2579; x_wconf 92' lang='lat' dir='ltr'>nondum</span> <span class='ocrx_word' id='word_1_147' title='bbox 632 2515 759 2580; x_wconf 81' lang='lat' dir='ltr'>ianuam</span> <span class='ocrx_word' id='word_1_148' title='bbox 776 2536 923 2598; x_wconf 84' lang='lat' dir='ltr'>egressus</span> <span class='ocrx_word' id='word_1_149' title='bbox 940 2523 987 2581; x_wconf 90' lang='lat' dir='ltr'>est</span> <span class='ocrx_word' id='word_1_150' title='bbox 1008 2517 1235 2600; x_wconf 78' lang='lat' dir='ltr'>deprehensus3</span> 
     </span>
     <span class='ocr_line' id='line_1_18' title="bbox 120 2639 1235 2720; baseline 0.003 -18"><span class='ocrx_word' id='word_1_151' title='bbox 120 2640 170 2703; x_wconf 88' lang='lat' dir='ltr'>uel</span> <span class='ocrx_word' id='word_1_152' title='bbox 192 2639 226 2703; x_wconf 91' lang='lat' dir='ltr'>in</span> <span class='ocrx_word' id='word_1_153' title='bbox 243 2639 361 2704; x_wconf 89' lang='lat' dir='ltr'>oliueto</span> <span class='ocrx_word' id='word_1_154' title='bbox 382 2640 510 2720; x_wconf 86' lang='lat' dir='ltr'>quidam</span> <span class='ocrx_word' id='word_1_155' title='bbox 535 2641 687 2705; x_wconf 86' lang='lat' dir='ltr'>oliuarum</span> <span class='ocrx_word' id='word_1_156' title='bbox 712 2648 766 2705; x_wconf 83' lang='lat' dir='ltr'>eut</span> <span class='ocrx_word' id='word_1_157' title='bbox 789 2641 821 2704; x_wconf 93' lang='lat' dir='ltr'>in</span> <span class='ocrx_word' id='word_1_158' title='bbox 844 2641 950 2706; x_wconf 89' lang='lat' dir='ltr'>uineto</span> <span class='ocrx_word' id='word_1_159' title='bbox 972 2663 1103 2706; x_wconf 83' lang='lat' dir='ltr'>uuarum</span> <span class='ocrx_word' id='word_1_160' title='bbox 1121 2643 1235 2706; x_wconf 86' lang='lat' dir='ltr'>furtum</span> 
     </span>
     <span class='ocr_line' id='line_1_19' title="bbox 120 2763 1235 2848; baseline 0.002 -20"><span class='ocrx_word' id='word_1_161' title='bbox 120 2763 201 2845; x_wconf 86' lang='lat' dir='ltr'>feoit,</span> <span class='ocrx_word' id='word_1_162' title='bbox 226 2764 378 2845; x_wconf 86' lang='lat' dir='ltr'>quamdiu</span> <span class='ocrx_word' id='word_1_163' title='bbox 400 2765 524 2848; x_wconf 90' lang='lat' dir='ltr'>inipso</span> <span class='ocrx_word' id='word_1_164' title='bbox 549 2765 665 2829; x_wconf 90' lang='lat' dir='ltr'>oliueto</span> <span class='ocrx_word' id='word_1_165' title='bbox 689 2771 746 2829; x_wconf 86' lang='lat' dir='ltr'>aut</span> <span class='ocrx_word' id='word_1_166' title='bbox 768 2765 875 2829; x_wconf 91' lang='lat' dir='ltr'>uineto</span> <span class='ocrx_word' id='word_1_167' title='bbox 894 2764 1107 2848; x_wconf 88' lang='lat' dir='ltr'>deprehensus</span> <span class='ocrx_word' id='word_1_168' title='bbox 1131 2767 1235 2848; x_wconf 86' lang='lat' dir='ltr'>fuerit,</span> 
     </span>
     <span class='ocr_line' id='line_1_20' title="bbox 120 2889 1237 2971; baseline 0 -17"><span class='ocrx_word' id='word_1_169' title='bbox 120 2890 307 2954; x_wconf 82' lang='lat' dir='ltr'>manifestus</span> <span class='ocrx_word' id='word_1_170' title='bbox 330 2889 381 2952; x_wconf 90' lang='lat' dir='ltr'>fur</span> <span class='ocrx_word' id='word_1_171' title='bbox 404 2895 460 2954; x_wconf 90' lang='lat' dir='ltr'>est.</span> <span class='ocrx_word' id='word_1_172' title='bbox 501 2891 595 2955; x_wconf 90' lang='lat' dir='ltr'>immo</span> <span class='ocrx_word' id='word_1_173' title='bbox 612 2891 744 2955; x_wconf 89' lang='lat' dir='ltr'>ulterius</span> <span class='ocrx_word' id='word_1_174' title='bbox 761 2889 888 2971; x_wconf 80' lang='lat' dir='ltr'>quidam</span> <span class='ocrx_word' id='word_1_175' title='bbox 904 2891 1021 2954; x_wconf 88' lang='lat' dir='ltr'>furtum</span> <span class='ocrx_word' id='word_1_176' title='bbox 1036 2891 1237 2955; x_wconf 85' lang='lat' dir='ltr'>manifestum</span> 
     </span>
     <span class='ocr_line' id='line_1_21' title="bbox 119 3015 1293 3098; baseline 0.002 -20"><span class='ocrx_word' id='word_1_177' title='bbox 119 3015 309 3096; x_wconf 83' lang='lat' dir='ltr'>extendunt,</span> <span class='ocrx_word' id='word_1_178' title='bbox 346 3015 486 3080; x_wconf 85' lang='lat' dir='ltr'>dieentes</span> <span class='ocrx_word' id='word_1_179' title='bbox 519 3035 557 3080; x_wconf 90' lang='lat' dir='ltr'>eo</span> <span class='ocrx_word' id='word_1_180' title='bbox 590 3035 690 3098; x_wconf 88' lang='lat' dir='ltr'>usque</span> <span class='ocrx_word' id='word_1_181' title='bbox 722 3016 923 3080; x_wconf 86' lang='lat' dir='ltr'>manifestum</span> <span class='ocrx_word' id='word_1_182' title='bbox 950 3017 1052 3080; x_wconf 84' lang='lat' dir='ltr'>turem</span> <span class='ocrx_word' id='word_1_183' title='bbox 1081 3017 1238 3098; x_wconf 82' lang='lat' dir='ltr'>quendam</span> <span class='ocrx_word' id='word_1_184' title='bbox 1257 3021 1293 3072; x_wconf 81' lang='lat'>20</span> 
     </span>
     <span class='ocr_line' id='line_1_22' title="bbox 120 3139 1237 3231; baseline 0.002 -27"><span class='ocrx_word' id='word_1_185' title='bbox 120 3139 279 3221; x_wconf 81' lang='lat' dir='ltr'>intellegi,</span> <span class='ocrx_word' id='word_1_186' title='bbox 308 3139 408 3203; x_wconf 86' lang='lat' dir='ltr'>donee</span> <span class='ocrx_word' id='word_1_187' title='bbox 431 3139 581 3203; x_wconf 79' lang='lat' dir='ltr'>furtiuum</span> <span class='ocrx_word' id='word_1_188' title='bbox 605 3160 671 3204; x_wconf 91' lang='lat' dir='ltr'>rem</span> <span class='ocrx_word' id='word_1_189' title='bbox 694 3145 804 3231; x_wconf 88' lang='lat' dir='ltr'>tenens</span> <span class='ocrx_word' id='word_1_190' title='bbox 828 3140 916 3204; x_wconf 87' lang='lat' dir='ltr'>uisus</span> <span class='ocrx_word' id='word_1_191' title='bbox 944 3141 996 3204; x_wconf 91' lang='lat' dir='ltr'>uel</span> <span class='ocrx_word' id='word_1_192' title='bbox 1025 3139 1237 3224; x_wconf 86' lang='lat' dir='ltr'>deprehensus</span> 
     </span>
     <span class='ocr_line' id='line_1_23' title="bbox 120 3263 1239 3347; baseline 0.001 -19"><span class='ocrx_word' id='word_1_193' title='bbox 120 3265 217 3330; x_wconf 82' lang='lat' dir='ltr'>fuerit</span> <span class='ocrx_word' id='word_1_194' title='bbox 241 3264 308 3329; x_wconf 88' lang='lat' dir='ltr'>siue</span> <span class='ocrx_word' id='word_1_195' title='bbox 331 3265 365 3328; x_wconf 93' lang='lat' dir='ltr'>in</span> <span class='ocrx_word' id='word_1_196' title='bbox 388 3263 515 3346; x_wconf 83' lang='lat' dir='ltr'>pubiieo</span> <span class='ocrx_word' id='word_1_197' title='bbox 536 3263 605 3328; x_wconf 90' lang='lat' dir='ltr'>siue</span> <span class='ocrx_word' id='word_1_198' title='bbox 628 3264 661 3327; x_wconf 95' lang='lat' dir='ltr'>in</span> <span class='ocrx_word' id='word_1_199' title='bbox 683 3265 809 3347; x_wconf 84' lang='lat' dir='ltr'>priuato</span> <span class='ocrx_word' id='word_1_200' title='bbox 833 3265 904 3329; x_wconf 86' lang='lat' dir='ltr'>loeo</span> <span class='ocrx_word' id='word_1_201' title='bbox 929 3266 981 3328; x_wconf 92' lang='lat' dir='ltr'>uel</span> <span class='ocrx_word' id='word_1_202' title='bbox 1001 3265 1162 3329; x_wconf 85' lang='lat' dir='ltr'>edomino</span> <span class='ocrx_word' id='word_1_203' title='bbox 1186 3267 1239 3330; x_wconf 91' lang='lat' dir='ltr'>uel</span> 
     </span>
     <span class='ocr_line' id='line_1_24' title="bbox 121 3388 1235 3474; baseline 0 -20"><span class='ocrx_word' id='word_1_204' title='bbox 121 3391 161 3454; x_wconf 85' lang='lat' dir='ltr'>ab</span> <span class='ocrx_word' id='word_1_205' title='bbox 186 3388 262 3466; x_wconf 88' lang='lat' dir='ltr'>alio,</span> <span class='ocrx_word' id='word_1_206' title='bbox 292 3393 462 3468; x_wconf 81' lang='lat' dir='ltr'>antequem</span> <span class='ocrx_word' id='word_1_207' title='bbox 486 3408 523 3452; x_wconf 89' lang='lat' dir='ltr'>eo</span> <span class='ocrx_word' id='word_1_208' title='bbox 546 3388 741 3470; x_wconf 89' lang='lat' dir='ltr'>perueniret,</span> <span class='ocrx_word' id='word_1_209' title='bbox 765 3408 827 3468; x_wconf 91' lang='lat' dir='ltr'>quo</span> <span class='ocrx_word' id='word_1_210' title='bbox 851 3390 991 3472; x_wconf 84' lang='lat' dir='ltr'>perferre</span> <span class='ocrx_word' id='word_1_211' title='bbox 1016 3409 1053 3453; x_wconf 85' lang='lat' dir='ltr'>oo</span> <span class='ocrx_word' id='word_1_212' title='bbox 1077 3390 1235 3474; x_wconf 88' lang='lat' dir='ltr'>deponere</span> 
     </span>
    </p>
   </div>
   <div class='ocr_carea' id='block_1_5' title="bbox 121 3616 1239 3776">
    <p class='ocr_par' dir='ltr' id='par_1_6' title="bbox 121 3616 1239 3776">
     <span class='ocr_line' id='line_1_25' title="bbox 212 3616 1239 3687; baseline 0.001 -16"><span class='ocrx_word' id='word_1_213' title='bbox 212 3617 234 3687; x_wconf 85' lang='lat'>1)</span> <span class='ocrx_word' id='word_1_214' title='bbox 253 3617 333 3682; x_wconf 82' lang='lat' dir='ltr'>Quod</span> <span class='ocrx_word' id='word_1_215' title='bbox 352 3621 381 3671; x_wconf 89' lang='lat' dir='ltr'>et</span> <span class='ocrx_word' id='word_1_216' title='bbox 392 3632 487 3670; x_wconf 89' lang='lat' dir='ltr'>uerum</span> <span class='ocrx_word' id='word_1_217' title='bbox 497 3621 547 3671; x_wconf 88' lang='lat' dir='ltr'>est.</span> <span class='ocrx_word' id='word_1_218' title='bbox 579 3616 619 3671; x_wconf 80' lang='lat' dir='ltr'>of.</span> <span class='ocrx_word' id='word_1_219' title='bbox 633 3617 768 3673; x_wconf 80' lang='lat' dir='ltr'>Curtius</span> <span class='ocrx_word' id='word_1_220' title='bbox 788 3617 970 3686; x_wconf 82' lang='lat' dir='ltr'>‘Grundziige&#39;</span> <span class='ocrx_word' id='word_1_221' title='bbox 983 3635 1010 3686; x_wconf 93' lang='lat' dir='ltr'>p.</span> <span class='ocrx_word' id='word_1_222' title='bbox 1025 3623 1084 3673; x_wconf 85' lang='lat'>301.</span> <span class='ocrx_word' id='word_1_223' title='bbox 1117 3619 1239 3672; x_wconf 84' lang='lat' dir='ltr'>‘Studien</span> 
     </span>
     <span class='ocr_line' id='line_1_26' title="bbox 121 3707 600 3776; baseline -0.006 -14"><span class='ocrx_word' id='word_1_224' title='bbox 121 3723 168 3762; x_wconf 75' lang='lat' dir='ltr'>nur</span> <span class='ocrx_word' id='word_1_225' title='bbox 187 3725 230 3776; x_wconf 83' lang='lat' dir='ltr'>gr.</span> <span class='ocrx_word' id='word_1_226' title='bbox 249 3723 275 3762; x_wconf 89' lang='lat' dir='ltr'>u.</span> <span class='ocrx_word' id='word_1_227' title='bbox 294 3707 340 3760; x_wconf 82' lang='lat' dir='ltr'><strong>lat.</strong></span> <span class='ocrx_word' id='word_1_228' title='bbox 362 3707 461 3762; x_wconf 59' lang='lat' dir='ltr'>Gram?</span> <span class='ocrx_word' id='word_1_229' title='bbox 480 3707 522 3760; x_wconf 88' lang='lat' dir='ltr'>III</span> <span class='ocrx_word' id='word_1_230' title='bbox 542 3709 600 3760; x_wconf 84' lang='lat'>199.</span> 
     </span>
    </p>
   </div>
   <div class='ocr_carea' id='block_1_6' title="bbox 0 0 1654 5322">
    <p class='ocr_par' dir='ltr' id='par_1_7' title="bbox 0 0 1654 5322">
     <span class='ocr_line' id='line_1_27' title="bbox 0 0 1654 5322; baseline 0 0"><span class='ocrx_word' id='word_1_231' title='bbox 0 0 1654 5322; x_wconf 95' lang='lat' dir='ltr'> </span> 
     </span>
    </p>
   </div>
  </div>
 </body>
</html>
