3154 5338
535 435 766 499 ..329-

107 633 158 679 uns
191 614 399 680 hereditarius
432 622 506 683 ante
544 619 713 684 aditionem
753 619 939 700 stipuletur,
979 619 1011 683 id
1043 620 1231 684 hereditati·

104 733 243 814 adquirit3
269 735 360 800 heres
388 741 494 800 autem
526 737 580 818 qui
607 742 717 818 postea
743 737 842 802 adibit
871 755 942 801 cum
972 738 1084 802 ceteris
1113 738 1207 803 rebus

102 856 129 914 et
153 852 321 918 actionibus
356 853 436 918 hanc
473 872 598 936 quoque
627 855 861 937 stipulationem
889 857 921 919 in
953 855 1129 921 hereditate
1162 858 1208 921 in-

72 985 88 1032 ι.
102 971 201 1036 ueniet.
250 976 276 1036 1.
306 973 416 1054 Neque
445 973 576 1038 interest
602 975 757 1055 quomodo
787 993 898 1039 seruus
928 975 1113 1058 stipuletur;
1143 977 1211 1042 siue

101 1089 171 1152 enim
190 1090 315 1154 dixerit:
337 1091 432 1156 mihi
455 1091 662 1157 dominoue
684 1111 766 1158 meo
795 1093 890 1158 dare
919 1095 1114 1176 spondes?
1143 1096 1245 1161 siuet

100 1207 215 1274 dixerit:
237 1210 329 1276 mihi
345 1229 696 1277 conseruouemeo
712 1213 806 1278 dare
821 1213 1010 1294 spondes?
1032 1215 1100 1280 siue
1115 1215 1209 1279 etiam

99 1327 338 1408 impersonaliter
359 1330 405 1394 ita
426 1330 469 1394 sit
489 1330 675 1412 stipulatus:
699 1331 791 1396 dare
813 1332 1001 1414 spondes?
1024 1333 1149 1398 domino
1172 1354 1210 1399 ex

99 1447 231 1512 omnihus
254 1448 409 1513 eiusmodi
435 1449 691 1530 stipulationibus
719 1451 873 1532 adquiret.
918 1451 1000 1516 idem
1023 1451 1155 1518 dicimus
1178 1459 1210 1518 et

98 1566 130 1631 de
148 1568 263 1648 liberis,
287 1569 341 1650 qui
363 1569 394 1633 in
413 1575 572 1652 potestate
588 1575 671 1645 sunt,
695 1590 732 1635 ex
754 1571 868 1651 quibus
890 1572 1008 1636 scilicet
1030 1555 1133 1637 causis
1155 1591 1209 1637 no

66 1685 138 1750 this
158 1688 325 1770 adquirere
343 1694 485 1771 possunt
508 1689 537 1752 h.
555 1707 581 1754 e.
605 1708 642 1754 en
665 1709 699 1754 re
721 1694 839 1754 nostra.
874 1692 903 1753 2.
928 1690 983 1755 Set
1004 1709 1076 1755 cum
1091 1689 1208 1756 factum
1231 1697 1261 1747 ¹0

97 1805 123 1870 in
143 1808 343 1889 stipulatione
367 1811 553 1888 continetur,
577 1829 671 1892 quarn
694 1829 806 1874 seruus
821 1816 930 1875 noster
951 1810 1118 1889 contrahit,
1142 1811 1209 1875 eius

96 1944 150 1990 non
170 1927 287 1992 domiui
317 1948 453 2012 persona
480 1933 651 2011 spectatur.
696 1934 733 1992 ut
754 1947 825 1993 ecoe
847 1929 874 1993 si
898 1929 937 1993 ab
960 1929 1065 2010 ahquo
1087 1929 1133 1993 ita
1155 1929 1208 1994 sti-

96 2045 227 2125 puletur:
265 2048 515 2128 »spondesne
542 2047 635 2112 mihi
663 2047 784 2112 licere
818 2067 887 2129 per
912 2047 1072 2112 fundum
1100 2054 1208 2113 tuum

15 2207 17 2212 ,
94 2163 168 2229 ire«
194 2167 291 2250 (idest
305 2172 430 2232 tantum
445 2166 594 2248 transire)
617 2166 669 2231 uel
687 2185 853 2247 »agere«
879 2166 922 2249 (h.
940 2186 965 2232 e.
982 2185 1053 2232 cum
1068 2167 1207 2232 iumento

95 2283 148 2349 iter
166 2285 317 2370 lacerell.
341 2293 417 2354 tunc
439 2289 530 2366 enim,
554 2287 581 2351 si
604 2287 747 2351 dominus
770 2286 974 2367 prohibeatur
995 2305 1053 2368 per
1074 2286 1206 2351 fundum
1227 2295 1256 2343 1⁵

95 2403 148 2468 iter
171 2405 291 2485 lacere,
320 2407 408 2472 nulla
437 2407 565 2472 dabitur
592 2407 620 2471 ei
649 2425 686 2470 eu
708 2405 861 2471 eiusmodi
883 2406 1085 2486 stipulatione
1108 2407 1207 2486 aoti0;

94 2529 135 2588 set
156 2526 182 2589 si
203 2545 318 2592 seruus
341 2527 554 2609 prohibeatur,
578 2525 740 2608 stipulatio
757 2524 973 2603 committitur,
997 2543 1067 2589 oum
1090 2524 1207 2590 factum

92 2641 118 2706 in
152 2645 389 2726 stipulationem
426 2647 595 2711 deductum
632 2646 672 2710 ad
715 2645 799 2710 serui
835 2663 1001 2727 personam
1041 2644 1205 2710 referatur.

17 2751 18 2754 ’
62 2772 79 2822 3.
93 2763 117 2825 3.
144 2763 234 2831 Serui
264 2772 370 2832 autem
399 2785 577 2832 communes
609 2766 796 2847 stipulantes
826 2753 956 2845 singulis
986 2763 1119 2828 dominis
1148 2783 1206 2846 pro

91 2890 171 2961 parte
186 2885 345 2976 dominica
359 2887 513 2951 actionem
528 2905 564 2951 ex
580 2885 733 2966 stipulatu
749 2883 936 2966 adquirunt3
959 2882 1026 2947 siue
1041 2902 1078 2947 ex
1094 2883 1203 2964 aequis
1224 2899 1257 2949 ao

92 3001 150 3067 siue
171 3023 208 3068 ex
225 3004 361 3071 diuersis
376 3005 520 3088 partibus
537 3005 653 3069 domini
669 3004 741 3069 sint.
764 3022 838 3067 narn
860 3007 897 3066 ut
919 3021 956 3066 ex
979 3002 1112 3067 diuersis
1134 3022 1206 3084 par-

17 3168 18 3172 ,
91 3121 165 3188 tibus
189 3124 309 3189 domini
331 3127 410 3204 sint,
438 3126 506 3191 lieri
527 3131 645 3208 potest:
673 3125 774 3190 ueluti
796 3143 866 3188 curn
889 3122 959 3203 quis
980 3123 1116 3188 moriens
1139 3122 1207 3186 Pri-

92 3258 167 3306 mum
190 3249 224 3309 et
239 3243 419 3310 Secundum
440 3245 570 3310 heredes
585 3243 724 3309 instituit
739 3243 872 3308 alterurn
888 3261 925 3307 ex
947 3243 1046 3322 besse,
1070 3243 1204 3306 alterum

93 3379 158 3427 nero
181 3383 219 3429 ex
242 3364 374 3429 triente:
397 3384 435 3430 ex
456 3364 554 3430 isdem
577 3364 659 3428 enirn
680 3361 823 3445 partibus
846 3353 941 3426 etiar'n
963 3380 1129 3427 seruorum
1151 3361 1204 3425 do
1310 3441 1315 3452 ,

97 3483 165 3546 mini
185 3482 273 3561 fient,
298 3483 405 3565 quiin
427 3483 601 3548 hereditate
622 3481 836 3546 inueniuntur:
865 3480 896 3543 h.
919 3500 945 3546 e.
968 3483 1107 3546 alteror
1130 3480 1206 3544 dua·
1223 3491 1256 3540 25

92 3598 140 3666 bus
162 3604 275 3668 tertiis
291 3603 443 3686 partibus
465 3603 546 3668 alter
560 3622 597 3667 ex
619 3601 723 3666 tertia.
758 3599 791 3664 Si
813 3618 889 3664 uero
905 3619 1016 3666 seruus
1032 3599 1205 3666 communis
