3328 5318
570 411 810 476 -430-

131 585 304 651 obnoxium
331 585 451 665 iacere,
481 605 551 650 oum
578 585 654 650 mihi
682 586 706 650 0
730 605 844 650 aureos
872 585 1018 666 deberet,
1047 585 1187 649 libellum
1216 586 1246 650 ei

131 711 205 774 misi
227 710 260 773 M
283 729 461 790 aureorum,
486 714 517 774 et
539 709 611 775 ideo
635 716 763 774 ooaotus
786 709 845 774 fuit
871 729 944 774 reus
972 710 1141 793 ampliores
1169 710 1245 774 dare

131 830 305 917 sportulas,
338 839 445 917 utpote
473 853 530 916 pro
558 854 675 916 magna
702 855 824 899 summa
852 835 960 900 libello
991 835 1118 900 inserta.
1163 853 1244 915 quae

130 958 243 1042 petitio
267 979 337 1023 oum
364 964 448 1022 esset
474 977 624 1040 excussa,
654 959 801 1041 apparuit
827 979 915 1023 reum
938 958 962 1023 0
985 965 1104 1023 tantum
1133 977 1245 1023 aureos

132 1083 259 1147 debere.
316 1087 347 1146 et
370 1102 440 1146 eum
463 1082 567 1165 plura,
591 1102 685 1164 quam
708 1102 821 1147 reuera
844 1083 999 1164 debuerit,
1023 1083 1152 1147 soluerit
1179 1085 1245 1166 (ne
1283 1100 1298 1149 5

130 1209 190 1273 luti
218 1207 355 1291 exempli
384 1208 488 1289 gratia
515 1227 628 1273 aureos
651 1207 719 1292 VI),
755 1227 795 1272 ex
828 1207 992 1291 praedicta
1026 1206 1245 1272 constitutione

130 1332 288 1397 oondiotio
311 1336 459 1396 nasoetur
482 1332 635 1397 aduersus
657 1351 708 1397 me
737 1337 889 1413 autorem,
919 1351 981 1412 qua
1003 1331 1106 1395 XVIII
1131 1350 1244 1395 aureos

128 1461 231 1538 petet,
256 1456 338 1520 idest
359 1455 403 1520 VI
426 1475 491 1538 eos,
514 1475 593 1536 quos
614 1476 710 1538 supra
726 1455 865 1520 debitum
882 1455 1012 1520 soluerit
1028 1461 1059 1519 et
1082 1455 1162 1520 alios
1174 1456 1244 1519 XII.

128 1580 358 1664 proculdubio
390 1587 500 1646 estex
529 1581 601 1664 Iege
633 1581 862 1646 oondIotiouem
890 1601 931 1646 ex
958 1601 997 1645 ea
1024 1579 1244 1645 constitutione

72 1713 117 1764 25.
130 1724 288 1769 emanare.
344 1707 395 1770 25.
429 1702 640 1788 Quadrupli
686 1705 978 1770 condemnationem
1024 1705 1107 1769 aetio
1152 1703 1245 1768 furti
1265 1719 1298 1770 10

128 1828 327 1893 manifesti
347 1829 452 1910 habet,
477 1829 552 1894 item
572 1835 603 1894 et
627 1830 708 1895 aetio
730 1828 768 1894 de
792 1849 834 1894 eo
859 1830 955 1909 quod
978 1835 1096 1894 metus
1121 1849 1244 1893 eausa.

127 1974 205 2017 nam
229 1954 256 2017 si
279 1953 330 2018 oui
352 1959 467 2018 metum
490 1954 608 2018 inoussi
631 1959 662 2018 et
685 1953 803 2034 curaui,
827 1960 862 2017 ut
883 1953 959 2017 mihi
983 1974 1071 2016 suam
1094 1973 1160 2018 rem
1183 1959 1245 2017 tra·

130 2077 229 2159 deret,
253 2077 409 2142 notionem
433 2079 472 2142 de
496 2097 533 2143 eo
550 2078 634 2159 qnod
652 2084 752 2142 metus
769 2098 867 2142 eausa
882 2077 998 2152 foetum
1022 2084 1070 2142 est
1093 2077 1244 2144 aduersus

127 2221 182 2266 me
208 2202 353 2284 habebit,
382 2221 444 2282 qua
472 2203 501 2267 ei
529 2202 561 2266 in
589 2202 795 2285 quadruplum
826 2202 1066 2268 condemnator.
1116 2209 1187 2266 sunt
1214 2207 1246 2266 et

130 2325 214 2390 dnae
235 2327 375 2391 actiones
390 2325 424 2390 in
439 2326 565 2407 fastum,
591 2345 672 2406 qnae
696 2326 728 2389 in
744 2327 951 2410 quadruplum
967 2327 1084 2390 habent
1100 2326 1244 2390 oondem-
1264 2339 1296 2389 15

128 2450 305 2515 nationem:
329 2449 427 2514 ueluti
449 2449 482 2514 in
504 2450 563 2514 hao
588 2451 701 2533 speeie.
748 2449 821 2514 dedi
843 2449 901 2514 tibi
925 2449 949 2514 0
972 2469 1100 2530 aureos,
1129 2456 1163 2513 ut
1190 2450 1244 2513 ad-

129 2594 242 2638 uersus
267 2575 383 2638 Titium
406 2574 553 2638 indioium
576 2573 756 2639 intenderes
772 2594 904 2654 eumque
923 2573 1125 2654 tranquillum
1149 2592 1244 2655 agere

127 2719 195 2764 nou
218 2698 351 2780 sineres3
375 2704 479 2782 potest
501 2698 602 2764 Titius
626 2700 777 2763 aduersus
800 2703 831 2762 te
855 2698 887 2761 in
910 2698 1026 2761 faotum
1048 2717 1153 2780 agere,
1177 2704 1244 2762 ate

131 2821 236 2887 0000
250 2842 372 2911 aureos
398 2829 518 2905 petens.
564 2822 616 2886 uel
647 2821 741 2887 etiam
772 2822 902 2886 uolebat
932 2822 1016 2904 quis,
1046 2822 1099 2902 qui
1126 2823 1245 2886 nullam

129 2965 254 3011 meoum
278 2947 433 3010 aetionem
455 2947 596 3027 baberet,
621 2946 797 3010 calumniae
821 2967 919 3010 eausa
934 2965 984 3010 me
1000 2946 1032 3010 iu
1047 2945 1096 3010 ius
1112 2966 1242 3028 uooare;
1263 2957 1298 3008 20

131 3089 193 3153 ego
215 3070 250 3134 id
272 3076 427 3152 metuens,
455 3076 563 3153 utpote
586 3069 635 3133 uir
658 3090 678 3133 a
700 3069 836 3151 negotiis
860 3069 996 3150 alienus,
1025 3076 1059 3133 ut
1085 3069 1243 3151 iudioium,

131 3193 216 3274 quod
239 3195 425 3274 minabatur,
450 3193 631 3275 effugerem,
655 3193 728 3257 dedi
744 3193 774 3257 ei
790 3213 903 3258 aureos
928 3194 966 3258 0:
991 3213 1119 3276 possum
1138 3215 1245 3258 rursus

131 3339 203 3382 oum
227 3339 264 3382 eo
289 3319 321 3383 in
347 3319 464 3384 fautum
492 3339 588 3402 agere
612 3325 643 3383 et
666 3319 873 3402 quadruplum
901 3320 1069 3402 pecuniae,
1098 3340 1192 3400 quam
1216 3320 1246 3386 ei

132 3441 286 3524 dederim,
312 3443 468 3526 persequi.
526 3449 574 3508 ost
602 3443 757 3508 oondiotio
785 3463 909 3524 quoque
933 3464 972 3509 ex
999 3444 1086 3526 Iege,
1120 3464 1246 3526 quaea

131 3567 353 3632 constitutione
388 3567 539 3651 principis
571 3567 671 3634 nostri
703 3567 800 3632 oritur
834 3574 865 3632 et
898 3568 1066 3651 quadrupli
1100 3568 1245 3634 condem·
1264 3577 1298 3629 25

131 3691 292 3756 nationem
315 3691 419 3772 habet,
444 3691 477 3756 in
499 3691 558 3756 hao
583 3691 702 3756 soilioet
725 3691 840 3775 speeie.
879 3711 948 3756 oum
968 3692 1151 3758 aduersario
1174 3713 1244 3758 meo
