3384 5314
615 420 854 490 -493-

130 583 132 591 ¹
176 600 276 680 iubet,
312 608 346 665 ut
379 621 449 666 cum
485 602 639 667 eiusmodi
672 602 748 667 feris
782 602 815 666 in
847 601 1001 684 angustiis
1036 599 1289 685 comprehensae,

176 725 347 790 secundum
372 726 455 808 quod
477 727 617 810 regionis
641 727 777 807 qualitas
804 726 923 807 tulerit,
952 726 984 790 in
1013 746 1075 806 qua
1102 725 1290 790 maleficium

176 851 346 915 admissum
370 859 425 935 est,
449 853 500 916 uel
524 853 555 916 in
579 853 716 916 uicinum
732 872 819 917 mare
843 853 895 915 uel
918 851 950 915 in
971 871 1094 915 amnem
1111 851 1291 934 proiciatur,

175 975 203 1039 si
226 996 312 1040 mare
336 977 462 1060 longius
486 977 583 1041 absit:
612 983 646 1042 ut
674 978 758 1042 omni
786 977 939 1042 elemento
966 976 1058 1040 uiuus
1087 983 1289 1058 mortuusque

176 1107 291 1166 careat.
337 1103 429 1166 uiuus
453 1103 545 1184 enim,
571 1123 640 1167 cum
664 1103 764 1167 culleo
790 1102 950 1186 operiatur
973 1107 1004 1166 et
1020 1101 1053 1166 in
1069 1122 1184 1183 aquam
1207 1102 1290 1185 proi·
1327 1112 1343 1163 5

175 1226 290 1309 cietur,
340 1228 422 1292 aeris
472 1229 554 1293 idest
596 1228 678 1292 caeli
720 1249 779 1292 usu
825 1225 981 1310 priuatur,
1032 1233 1155 1292 mortuo
1205 1233 1291 1292 terra

175 1351 328 1432 aufertur,
358 1373 427 1417 cum
457 1354 577 1418 culleus
602 1355 642 1416 ab
666 1353 758 1417 undis
780 1353 908 1418 seratur.
955 1355 1042 1417 torae
1066 1359 1185 1433 autem,
1210 1373 1290 1433 quas

174 1475 317 1559 diximus
346 1477 416 1542 ideo
442 1498 511 1542 cum
533 1499 570 1542 eo
592 1479 764 1559 insuantur,
790 1478 865 1559 quia
885 1483 999 1542 natura
1015 1477 1132 1542 similes
1157 1477 1187 1541 ei
1207 1473 1288 1558 sunt,

174 1621 305 1683 quarum
336 1623 399 1666 uua
426 1610 574 1686 parentes
603 1624 676 1668 suos
705 1603 853 1685 deuoret,
882 1611 1007 1668 ceterae
1036 1625 1055 1667 a
1082 1624 1190 1686 pugna
1220 1623 1289 1666 oum

173 1726 284 1792 iisdem
307 1747 371 1792 non
395 1729 571 1793 abhorrent.
607 1729 634 1793 si
659 1729 826 1811 quisalius
851 1729 1040 1812 cognatione
1056 1730 1108 1793 uel
1125 1727 1288 1818 adfinitate
1309 1738 1344 1790 10

174 1853 295 1916 iunctas
312 1872 464 1936 personas
482 1853 641 1934 occiderit,
666 1854 737 1936 lege
755 1853 902 1918 Cornelia
925 1853 964 1918 de
986 1853 1108 1918 sicariis
1124 1853 1288 1918 tenebitur.

139 1981 203 2042 ai.
227 1977 283 2042 Est
310 1977 362 2042 lex
390 1997 513 2058 quoque
550 1977 697 2042 Cornelia
726 1978 769 2042 de
797 1978 924 2060 falsis,
960 1998 1054 2059 quam
1081 1984 1288 2043 testamen·

173 2103 308 2168 tarium
333 2123 493 2184 nocemus,
522 2123 604 2185 quae
629 2123 699 2167 eum
723 2103 813 2186 punit
836 2103 890 2184 qui
917 2109 1138 2169 testamentum
1162 2104 1289 2168 aliudue

173 2227 410 2294 instrumentum
433 2229 547 2293 falsum
571 2229 733 2312 scripserit
757 2229 808 2294 uel
832 2230 1007 2312 signauerit
1033 2230 1085 2294 uel
1108 2231 1289 2295 recitauerit

173 2354 224 2417 uel
263 2354 445 2436 subiecerit,
485 2355 579 2436 quiue
618 2355 740 2437 signum
776 2354 985 2419 adulterinum
1019 2355 1203 2438 imposuerit
1236 2355 1289 2418 uei
1310 2367 1341 2418 15

174 2479 340 2562 sculpserit
372 2479 444 2542 dolo
480 2479 572 2544 malo.
623 2479 691 2544 eius
726 2479 806 2560 legis
834 2499 939 2562 poena
966 2479 998 2542 in
1026 2499 1134 2544 seruos
1163 2479 1288 2560 quidem

174 2603 286 2686 capitis
310 2610 373 2684 est,
403 2603 495 2668 sicuti
518 2603 653 2685 exlege
678 2602 825 2668 Cornelia
854 2603 898 2668 de
927 2602 1084 2668 sicariis
1113 2610 1148 2668 et
1176 2623 1288 2668 nene·

138 2734 160 2785 8.
172 2727 275 2793 ficis:
304 2728 336 2792 in
364 2734 487 2794 ceteros
517 2729 693 2812 deportatio
722 2735 778 2793 est.
830 2731 858 2795 8.
883 2729 961 2793 Sunt
987 2729 1062 2793 item
1091 2729 1173 2793 duae
1200 2730 1288 2812 leges

171 2853 272 2918 Iuliae
296 2854 340 2918 de
364 2854 401 2918 ui
423 2853 578 2938 publica
602 2861 633 2918 et
656 2854 700 2918 de
724 2853 761 2918 ui
788 2854 941 2938 priuata
969 2854 1121 2918 aduersus
1145 2874 1210 2936 eon,
1236 2855 1289 2935 qui

172 2978 235 3042 uim
264 2984 418 3044 armatam
448 2979 499 3043 uel
527 2979 595 3043 sine
626 2979 721 3043 armis
754 2979 975 3044 commiserint.
1030 2984 1078 3044 set
1108 2979 1135 3043 ri
1163 2979 1288 3060 quidem
1307 2989 1342 3040 20

172 3110 295 3168 armata
318 3104 367 3168 uis
390 3103 485 3167 fuerit
507 3104 617 3185 inlata,
642 3103 819 3187 deportatio
842 3123 897 3168 reo
914 3105 1092 3186 inrogatum
1118 3105 1166 3168 sin
1183 3111 1288 3170 autem

172 3229 238 3292 sine
263 3229 366 3311 armis,
390 3229 571 3293 intertium
594 3230 745 3295 bonorum
769 3235 891 3313 partem
914 3229 1086 3314 publicatio
1107 3230 1286 3312 imponitur.

171 3353 199 3416 si
227 3353 296 3434 quis
326 3373 384 3437 per
411 3353 475 3418 uim
503 3353 657 3436 uirginem
686 3360 739 3418 aut
767 3355 896 3419 uiduam
925 3360 981 3419 aut
1009 3354 1287 3436 sanctimonialem,

171 3477 253 3541 idest
276 3479 443 3542 ascetriam
466 3479 519 3543 uel
543 3479 765 3554 diaconissam,
792 3480 945 3563 rapuerit,
970 3501 1034 3543 una
1058 3477 1127 3544 cum
1150 3479 1209 3562 his,
1234 3480 1288 3560 qui

172 3621 263 3684 opem
287 3601 440 3685 dederint,
465 3603 569 3686 eapite
593 3604 739 3686 punietur
762 3604 933 3668 secundum
951 3604 1181 3670 constitutionis
1204 3605 1287 3688 prin·
1307 3615 1340 3666 25

170 3727 249 3810 cipis
272 3728 372 3792 nostri
395 3728 617 3810 definitionem,
643 3729 724 3793 unde
748 3729 827 3793 haec
850 3729 963 3794 melius
986 3737 1154 3813 perspecta
1177 3729 1288 3794 haberi
