3370 5350
607 341 839 408 -283-

335 621 387 694 De
407 636 534 697 serimus
557 629 703 698 consulto
722 627 884 698 Orfitiano.
928 631 1053 697 Titulus
1073 633 1103 695 4.

243 815 388 882 Diximus
409 817 553 899 superius
575 816 675 899 legem
697 814 760 880 XII
789 817 966 883 tabularum
994 835 1051 884 nec
1078 823 1207 884 matrem
1237 819 1277 884 ed

161 934 295 1000 filiorum
316 953 374 1002 uec
395 934 479 1001 filios
497 936 544 1000 ad
560 935 671 1000 matris
693 937 776 1002 bona
798 949 928 1015 uocare,
950 943 1000 1001 set
1028 941 1210 1018 praetorem
1225 936 1281 1003 iis·
1307 963 1309 966 ·

161 1056 226 1122 dem
258 1062 463 1138 cognotorum
491 1058 718 1123 successionem
753 1057 954 1137 excogitasse.
1007 1051 1140 1120 diximus
1173 1061 1277 1120 autem

162 1177 307 1256 temporis
342 1193 509 1256 progressu
542 1183 670 1242 senatus
710 1175 885 1241 consultum
918 1171 1130 1240 tertullianum
1162 1171 1278 1240 iactum

161 1312 226 1360 esse
247 1295 342 1359 matri
370 1297 418 1361 ius
442 1296 613 1376 legitimum
642 1297 683 1362 ad
711 1293 845 1362 filiorum
874 1295 1014 1361 tribuens
1042 1294 1328 1386 successionemt

160 1412 239 1493 quod
255 1414 388 1496 plenam
410 1434 448 1480 ax
470 1415 666 1495 imperatoris
688 1416 786 1481 nostri
808 1415 1029 1480 constitutione
1043 1414 1163 1494 accepit
1177 1432 1279 1479 emen·

161 1532 325 1606 dationem,
348 1540 384 1598 ut
406 1539 438 1598 et
459 1535 649 1615 praecedens
671 1533 781 1599 titulus
803 1550 859 1598 nos
883 1533 998 1598 docuit.
1042 1532 1082 1598 ad
1104 1532 1277 1613 exemplum

160 1655 260 1716 autem
285 1649 316 1714 S.
341 1650 375 1717 G.
398 1652 580 1718 Tertulliani
602 1651 786 1719 Orfitianum
809 1670 942 1736 quoque,
964 1652 1047 1733 quod
1069 1657 1192 1730 uocant,
1214 1649 1278 1717 icc·

160 1775 223 1834 tum
245 1778 304 1851 est,
329 1771 428 1838 Orfito
450 1781 482 1838 et
503 1771 585 1838 Rufo
608 1773 796 1852 consulibus,
820 1773 926 1839 Marco
948 1790 1024 1839 nero
1045 1773 1192 1854 principe,
1215 1789 1277 1853 quo

160 1909 226 1954 cum
247 1889 313 1956 filio
336 1897 402 1956 tum
425 1890 507 1958 filiae
526 1891 664 1973 legitima
685 1892 756 1957 iura
778 1893 818 1957 ad
833 1891 943 1956 matris
958 1892 1186 1958 successionem
1200 1891 1276 1956 data
1296 1908 1328 1961 ιο

160 2017 239 2087 sunt,
262 2011 410 2092 quamuis
437 1999 529 2076 alieni
556 1983 641 2076 iurisx
662 2011 736 2076 sint.
786 2015 1021 2092 praeponuntur
1049 2017 1155 2074 autem
1184 2009 1276 2075 etiam

126 2135 144 2185 l.
159 2127 255 2209 ipsius
278 2131 389 2194 mutuis
412 2132 648 2212 consanguineis
671 2125 820 2196 inanibus
850 2129 1024 2210 ceterisque
1049 2121 1203 2210 adgnati's.
1248 2129 1275 2191 1.
1307 2109 1322 2143 '¹

159 2239 222 2313 Hoc
244 2267 323 2314 uero
346 2245 649 2315 senatusconsultum
672 2257 800 2331 nepotes
827 2267 887 2313 uon
918 2243 1065 2312 adiuuat:
1096 2265 1167 2312 nam
1194 2246 1279 2312 sicut

159 2369 245 2434 auiae
267 2368 452 2434 Tertulliani
485 2376 613 2433 senatus
643 2369 776 2435 consulti
809 2365 993 2435 beneficium
1028 2385 1096 2431 non
1119 2365 1281 2446 competit

159 2479 201 2542 ita
221 2498 261 2545 ne
285 2479 452 2562 nepotibus
474 2479 598 2559 quidem
622 2479 768 2546 orfitiaui.
812 2488 861 2546 set
882 2487 1129 2551 emendationem
1152 2489 1328 2563 nactum15

159 2605 206 2664 est
224 2597 406 2664 ortilianum
435 2617 472 2664 ex
494 2599 716 2681 principalibus
738 2601 1022 2683 constitutionibus,
1046 2622 1126 2685 quoe
1154 2621 1284 2686 praece>

159 2727 269 2799 perant
290 2721 332 2784 ud
355 2718 588 2786 similitudinem
610 2719 666 2785 filii
688 2719 833 2801 filiaeque
855 2730 998 2804 nepotem
1028 2731 1220 2805 neptemque·
1236 2724 1283 2788 od

124 2838 245 2903 tautae
267 2840 352 2904 bonu
381 2840 553 2921 peruenire.
605 2841 633 2902 2.
668 2835 735 2906 Hoc
764 2847 868 2906 autem
898 2841 1205 2908 animaduertendum
1228 2847 1277 2906 e'st

160 2957 266 3038 capitis
297 2957 538 3023 deminutionem
567 2959 637 3024 iura
667 2958 818 3024 Orfitiano
847 2979 903 3025 seu
929 2959 1120 3026 Tertulliano
1149 2966 1276 3026 senatus

160 3071 307 3140 consultis
330 3077 404 3141 data
419 3096 479 3141 uon
495 3095 653 3158 peremere
668 3086 796 3160 propter
810 3077 894 3144 illam
917 3069 1066 3162 regulam,
1087 3098 1126 3144 ex
1139 3098 1202 3162 qna
1223 3099 1276 3144 no·
1293 3095 1328 3148 ao

159 3196 204 3260 nis
225 3195 352 3278 legibus
375 3197 571 3262 introductae
593 3177 750 3279 legitimae
777 3198 967 3264 hereditates
994 3199 1104 3280 capitis
1137 3200 1276 3264 demiuu·
1334 3191 1337 3195 ’

159 3315 238 3381 tione
259 3333 324 3381 uon
348 3325 489 3412 pereunt,
512 3325 561 3382 set
582 3299 653 3382 illae
676 3317 762 3383 solae
784 3336 864 3400 quae
891 3317 991 3399 legem
1017 3319 1076 3384 XII
1099 3317 1275 3384 tabularum

125 3447 145 3499 t.
160 3435 362 3502 innentrioem
385 3445 566 3516 agnoscunt.
617 3436 646 3500 3.
681 3435 826 3501 Orfitiaui
854 3442 982 3502 senatus
1010 3437 1143 3504 consulti
1165 3436 1276 3502 benefi-

126 3553 202 3618 tcio
224 3563 257 3619 et
279 3554 334 3619 lilii
358 3553 453 3636 uulgo
475 3555 608 3638 quaesiti
631 3555 786 3620 fruuntur.
824 3555 853 3618 4.
888 3551 921 3620 Si
944 3557 1013 3638 quis
1036 3559 1188 3622 moriatur
1209 3555 1276 3637 plu-
