3298 5322
535 471 776 535 -376-

120 647 263 727 habemus,
290 645 433 710 similiter
463 665 503 710 ex
530 645 748 710 duabus-istis
776 645 881 710 oausis
909 645 999 711 uobis
1023 647 1211 729 adquiritur:

118 771 310 834 admonendus
337 789 372 834 es
399 775 505 834 tamen
533 789 573 834 ex
600 770 705 853 operis
733 770 817 835 illius
846 770 944 852 serui,
974 771 1007 834 in
1034 792 1094 853 quo
1123 791 1212 836 usum

116 895 258 976 labemus,
282 915 346 958 nou
369 893 495 974 adquiri
517 893 608 958 nobis
631 895 693 959 nisi
715 896 796 959 forte
820 915 930 959 seruus
946 894 1015 977 ipse
1031 915 1105 960 suas
1125 896 1211 960 looa·

90 1037 107 1088 t.
116 1019 183 1082 uerit
203 1039 322 1102 operas.
358 1022 386 1085 3.
411 1017 528 1083 Seruus
544 1019 716 1084 eommunis
739 1040 797 1102 pro
819 1019 977 1085 domiuioa
992 1025 1091 1103 parte,
1116 1020 1213 1086 idest

113 1163 160 1224 pro
177 1164 235 1224 qua
250 1150 340 1226 parte
358 1144 508 1224 cuiusque
525 1143 557 1207 in
573 1143 710 1209 dominio
728 1149 784 1226 est,
810 1144 944 1210 dominis
961 1144 1110 1228 adquirit;
1134 1146 1212 1210 illud
1249 1160 1265 1213 5

114 1269 394 1356 ueropmanifestum
419 1274 467 1334 est
490 1268 517 1332 si
541 1269 594 1332 uni
618 1269 743 1334 domino
759 1269 942 1334 nominatim
958 1270 1125 1353 stipulatus
1140 1270 1210 1352 erit,

112 1392 208 1455 ueluti:
224 1394 329 1459 Titio
346 1393 497 1458 domino
513 1413 592 1458 meo
610 1394 741 1458 dabis?
756 1393 804 1457 illi
816 1393 875 1458 soli
885 1393 1062 1476 adquirere,
1078 1393 1211 1477 proinde

111 1535 141 1578 ao
162 1517 187 1579 si
201 1537 258 1600 per
273 1517 475 1582 traditionem
499 1518 566 1582 eius
582 1524 703 1582 tantum
719 1518 794 1582 Titii
809 1519 935 1582 nomine
955 1519 1030 1600 qnid
1046 1519 1210 1602 adceperit.

109 1647 149 1704 set
169 1641 195 1705 si
215 1642 307 1706 unius
331 1642 450 1706 domini
473 1642 560 1706 iussu
576 1643 743 1727 stipulatus
766 1643 861 1707 fuerit
877 1663 997 1724 seruus,
1021 1643 1155 1707 nominis
1178 1643 1211 1707 in

109 1765 297 1846 stipulatione
313 1767 401 1830 nulla
417 1767 575 1831 mentione
591 1768 685 1850 faeta,
708 1789 826 1850 magna
845 1773 913 1832 erat
929 1767 1014 1850 apud
1029 1773 1153 1832 ueteres
1169 1768 1208 1832 de
1229 1777 1264 1837 10

106 1889 156 1954 hao
171 1911 202 1954 re
220 1891 443 1956 controuersia.
479 1892 597 1956 deoisio
614 1899 720 1956 tamen
735 1892 891 1976 prooessit
907 1892 1112 1957 sacratissimi
1127 1892 1210 1976 prin·

106 2013 174 2096 oipis
191 2017 301 2096 nostri,
326 2022 360 2080 ut
383 2017 431 2080 illi
447 2017 508 2082 soli
520 2016 705 2098 adquiratur
721 2018 774 2097 qui
790 2017 930 2100 iusserit;
955 2039 1036 2100 nam,
1060 2028 1094 2082 ut
1115 2037 1210 2100 supra

105 2137 208 2204 diotum
233 2149 292 2222 est,
317 2142 401 2223 quod
423 2161 537 2206 nomen
560 2141 726 2223 adiectum,
751 2142 834 2206 idem
858 2141 954 2206 eflioit
976 2142 1087 2206 iussus.

243 2798 364 2874 Quibus
388 2799 489 2864 modis
513 2801 664 2883 obligatio
687 2801 814 2864 tollitur.
860 2798 984 2862 Titulus
1008 2801 1058 2864 29.

180 2960 260 3024 Cum
283 2961 322 3025 de
351 2961 577 3043 obligationum
605 2961 727 3044 origine
751 2959 937 3039 dixerimus,
966 2957 1130 3024 dioeudum
1159 2963 1208 3022 est

98 3081 131 3146 de
154 3105 264 3150 earum
287 3087 449 3151 solutione.
485 3086 636 3168 quidquid
660 3086 743 3150 euim
765 3085 866 3150 modis
883 3082 1071 3166 quibusdam
1095 3081 1259 3151 consti-15

96 3209 184 3272 ortus
207 3211 242 3275 ro
271 3217 302 3276 a
329 3211 515 3291 quibusoam
543 3211 644 3276 mous
671 3187 848 3276 resoluitur.
893 3209 1012 3273 tonnus
1039 3208 1071 3272 in
1098 3205 1206 3291 primis

98 3335 191 3399 omnis
217 3336 372 3418 obligatio
396 3337 561 3418 solutione,
585 3337 730 3419 quotiens
753 3335 785 3399 id
809 3333 893 3416 quod
913 3333 1045 3397 debetur
1060 3331 1205 3412 soluitur;

94 3459 201 3542 ueluti,
238 3461 371 3526 nummis
403 3461 530 3543 debitis,
560 3461 587 3525 si
614 3461 733 3525 nummi
763 3460 933 3524 soluentur.
989 3456 1015 3521 si
1045 3475 1120 3520 vero
1148 3474 1205 3538 pro

94 3587 237 3668 nummis,
254 3586 442 3650 frumentum
458 3606 516 3650 seu
528 3587 615 3650 aliud
631 3586 716 3667 quid,
734 3584 900 3649 autetiam
917 3589 1035 3661 contra,
1053 3580 1205 3662 soluatur,

139 4337 239 4389 nuoopu
253 4341 363 4382 Antecess.
377 4351 420 4380 ree.
434 4339 523 4379 Ferriui
