3298 5322
541 338 780 400 -400-

87 509 281 590 aadmiserit3
310 531 383 574 nam
411 510 443 573 in
470 511 620 592 aquiliam
647 511 771 574 incidet.
817 515 845 577 5.
871 510 905 574 Si
935 511 1003 590 quis
1032 518 1145 594 putans
1176 532 1216 575 ex
1268 519 1270 524 '

18 713 20 718 ,
116 635 233 714 arbore,
265 634 387 698 deiecto
419 655 519 715 ramo,
553 655 676 698 seruum
713 655 816 698 meum
848 641 1060 699 transeuntem
1093 636 1215 717 occidit,

115 759 223 838 aquilia
245 764 376 822 tenetur.
433 759 466 822 id
489 766 593 824 autem
617 759 746 824 dicimus
771 759 798 822 si
820 779 919 842 prope
949 759 1033 822 uiam
1056 760 1215 845 publicam

113 889 161 946 aut
185 883 351 946 uicinalem
379 883 412 946 id
434 884 552 948 factum
575 891 636 948 est:
665 883 860 968 proclamare
884 883 965 946 enirn
997 883 1158 964 debuerat,
1182 889 1217 947 ut

113 1027 210 1070 omnes
233 1014 432 1072 transeuntes
456 1008 535 1072 rami
558 1029 665 1074 casum
693 1009 812 1074 euitare
841 1016 978 1092 possent.
1024 1009 1052 1072 si
1079 1028 1154 1073 uero
1183 1009 1216 1072 id
1253 1023 1268 1074 5

111 1150 167 1193 non
192 1132 314 1213 fecerit,
343 1138 450 1214 utpote
480 1133 591 1215 culpae
619 1153 691 1196 reus
721 1133 840 1213 aquilia
867 1133 926 1196 erit
953 1133 1115 1198 obnoxius.
1167 1133 1215 1196 sin

111 1261 207 1318 autem
236 1256 305 1338 ipse
334 1256 554 1338 proclamauit,
592 1276 700 1319 seruus
730 1262 834 1320 autem
862 1257 1029 1321 clamorem
1059 1257 1125 1321 eius
1153 1277 1215 1321 non

110 1380 231 1459 curauit,
257 1385 346 1443 extra
370 1379 495 1463 culpam
520 1386 568 1443 est
591 1386 725 1463 putator.
772 1387 803 1444 et
830 1381 982 1464 publica
1011 1381 1135 1461 quidem
1163 1381 1215 1445 uel

108 1503 280 1567 militaris
304 1504 366 1566 uia
390 1510 448 1584 est,
474 1523 554 1584 quae
579 1503 664 1586 apud
686 1504 826 1568 Graecos
843 1502 1010 1586 ‘dundaxat'
1025 1505 1212 1587 appellatur,

109 1647 163 1708 qna
186 1648 293 1692 omnes
317 1628 458 1692 homines
475 1628 600 1692 diuersa
616 1628 687 1692 loca
702 1634 844 1711 petentes
866 1635 1004 1692 utuntur:
1029 1629 1213 1693 uicinalis
1235 1642 1268 1692 10

108 1759 162 1833 est,
191 1773 272 1834 quae
296 1753 338 1816 ad
360 1753 448 1816 uicos
477 1753 575 1833 ducit;
606 1752 693 1816 uicus
722 1759 769 1816 est
797 1753 968 1834 autemid,
998 1753 1082 1832 qnod
1105 1753 1214 1834 graeci

107 1872 227 1959 ‘sopp’
253 1884 375 1941 uocant.
414 1877 566 1959 perhanc
584 1884 688 1941 autem
711 1877 824 1941 transit
847 1878 976 1958 quisque
1001 1878 1104 1942 uicum
1127 1877 1213 1961 petit.

107 2001 130 2062 si
155 2007 260 2064 tamen
294 2001 404 2083 procul
438 2001 491 2064 nia
525 2001 577 2064 uel
611 2001 693 2065 forte
723 2002 756 2064 in
783 2002 887 2066 medio
922 2001 1018 2065 fundo
1059 2002 1213 2083 caederet,

106 2124 174 2188 lieet
196 2145 260 2189 non
283 2125 535 2208 proclamauerit,
561 2145 630 2189 cum
654 2125 686 2189 id
709 2127 741 2189 in
765 2125 918 2190 eiusmodi
941 2127 1012 2190 loco
1037 2126 1135 2207 fieret,
1159 2125 1214 2190 nbi

105 2249 177 2312 nulli
206 2255 357 2314 extraneo
388 2249 436 2312 ius
467 2255 535 2312 erat
564 2250 727 2331 uersandi,
759 2269 823 2314 non
852 2257 976 2314 tenetur
1006 2250 1059 2330 qui
1090 2250 1212 2314 occidit.
1233 2261 1265 2313 15

75 2385 94 2433 6.
104 2377 130 2438 6.
151 2374 291 2437 Medicus
316 2393 441 2437 seruum
465 2393 568 2437 meum
590 2373 691 2438 secuit
714 2379 745 2438 et
769 2374 836 2438 sine
861 2374 1021 2438 curatione
1038 2373 1212 2465 dereliquit·

102 2504 236 2562 mortuus
266 2505 314 2562 est
348 2517 472 2562 seruus:
510 2498 593 2562 actio
628 2499 766 2578 aquiliae
800 2499 833 2562 in
867 2499 1022 2562 medicum
1055 2499 1212 2580 competit.

74 2633 92 2682 ῑ.
105 2625 128 2686 l.
151 2621 227 2686 Cum
262 2622 431 2686 dixerimus
461 2641 546 2702 eum,
580 2623 632 2702 qui
666 2623 759 2705 culpa
791 2621 953 2702 occiderit,
988 2622 1060 2704 lege
1093 2621 1212 2702 aquilia

101 2747 206 2827 teneri,
233 2746 393 2810 sciendum
418 2753 466 2810 est
489 2746 677 2829 imperitiam
705 2765 828 2826 quoque
857 2747 968 2829 cnlpae
996 2745 1210 2809 adnumerari:

100 2871 193 2935 ueluti
219 2871 246 2934 si
270 2871 353 2953 quis,
379 2891 448 2935 cum
473 2891 542 2935 sese
567 2871 721 2936 medicum
744 2871 954 2954 profiteretur,
978 2890 1102 2934 seruum
1125 2875 1212 2934 tuum
1231 2881 1265 2932 20

101 3013 153 3077 per
180 2995 372 3078 imperitiam
401 2995 529 3077 occidit;
558 2997 639 3059 forte
667 2995 742 3076 quia
770 2995 799 3060 ei
826 2995 1086 3059 medicamentum
1114 2993 1210 3074 dedit,

101 3119 180 3197 quod
199 3139 263 3184 non
281 3120 376 3183 fuerit
398 3120 534 3184 dandum
554 3127 608 3185 aut
630 3124 714 3184 certe
739 3120 823 3200 quod
839 3139 877 3184 eo
899 3126 1038 3202 tempore
1055 3117 1124 3182 dari
1148 3136 1211 3182 non

70 3253 90 3306 8.
100 3243 279 3325 oportuerit.
325 3244 644 3324 asiueromu110,
674 3265 743 3308 cnm
771 3243 803 3307 in
830 3243 974 3308 uehiculo
1003 3242 1140 3322 sederet,
1171 3261 1211 3305 ex

100 3387 154 3431 sua
176 3368 337 3450 imperitia
360 3369 513 3431 mularum
542 3368 690 3451 impetum
717 3369 852 3433 retinere
880 3388 942 3431 non
970 3367 1107 3449 potuerit
1135 3364 1210 3428 alie-

99 3511 232 3572 numque
261 3512 386 3556 seruum
414 3493 576 3572 occiderit,
608 3512 647 3557 ex
678 3492 771 3576 culpa
798 3492 869 3574 lege
899 3491 1016 3572 aquilia
1046 3490 1209 3555 tenebitur.
1229 3510 1263 3561 25

99 3623 144 3680 set
167 3623 199 3680 et
231 3617 258 3680 si
285 3624 414 3700 propter
442 3616 651 3680 infirmitatem
678 3615 779 3680 mulas
807 3615 941 3680 retinere
969 3636 1031 3679 non
1061 3613 1208 3698 potuerit,

99 3759 166 3804 oum
190 3761 247 3805 eas
271 3741 352 3805 alins
375 3740 492 3804 firmior
514 3741 667 3823 potuisset
690 3740 839 3820 retinere,
865 3759 964 3821 aeque
988 3759 1039 3803 res
1062 3738 1209 3802 mulionis

149 4191 244 4242 'rnoopn
258 4192 370 4232 Antecess.
385 4201 426 4230 roo.
441 4189 529 4230 Fen-ini.
