3384 5314
548 443 588 451 --
636 407 701 471 469
749 443 788 460 --

112 582 239 664 possim,
262 582 324 646 iam
348 583 514 665 pecuniam
537 603 723 667 persequar,
748 583 918 646 sinautem
937 582 1119 665 temporalis
1142 582 1228 665 pacti

111 707 256 790 exceptio
268 707 343 770 mihi
357 714 543 790 opponatur,
557 715 684 772 coactus
697 714 768 791 post
780 707 1024 787 quinquennium
1036 709 1228 790 persequar?

112 832 167 911 qui
195 831 272 895 talia
300 833 431 914 cogitet,
468 833 549 896 male
585 833 646 896 sibi
680 832 823 896 consulit.
872 853 946 896 nam
975 839 1005 896 et
1039 832 1132 897 modo
1165 851 1227 895 non

110 955 270 1040 audietur,
295 962 326 1020 et
350 957 376 1021 si
399 963 470 1040 post
494 957 738 1038 quinquennium
762 976 857 1039 agere
881 962 1023 1038 conetur,
1048 956 1104 1020 rei
1127 955 1225 1019 iudi-

112 1088 220 1146 catae
246 1082 430 1166 exceptione
454 1082 632 1164 repelletur,
658 1102 740 1164 quae
764 1081 1022 1165 peremptoria
1046 1087 1103 1145 est.
1150 1079 1226 1144 iuris
1264 1096 1279 1146 5

112 1207 194 1270 enim
206 1207 349 1288 regulam
362 1208 542 1290 generalem
555 1208 635 1271 scire
649 1207 760 1271 debes:
775 1206 994 1270 dilatoriam
1011 1206 1226 1289 exceptionem

111 1332 209 1396 semel
233 1332 426 1432 oppositam,
454 1352 535 1412 quae
566 1332 679 1396 efficax
702 1332 795 1396 fuerit
820 1333 848 1396 h.
875 1351 901 1396 e.
926 1337 1063 1395 actorem
1090 1330 1227 1413 potuerit

111 1457 280 1538 repellere,
309 1458 599 1540 peremptoriam
627 1477 739 1540 parere
764 1456 990 1539 exceptionem.
1042 1455 1100 1519 hoo
1131 1455 1227 1537 igitur

110 1581 203 1646 modo
228 1589 317 1646 actor
339 1602 404 1647 rem
429 1582 550 1647 amittit.
597 1589 645 1646 set
668 1582 746 1645 haec
770 1581 897 1662 quidem
925 1580 999 1645 olim
1028 1580 1224 1664 optinebant;

110 1707 204 1770 hodie
229 1713 332 1772 autem
357 1707 572 1772 sanctissimus
599 1708 744 1790 princeps
769 1713 877 1770 noster
903 1725 965 1769 nou
993 1705 1060 1768 uult
1087 1705 1225 1785 iniquam
1246 1718 1280 1770 10

110 1832 264 1896 eiusmodi
293 1832 499 1915 suptilitatem
529 1832 679 1916 optinere.
725 1832 812 1896 iubet
836 1831 919 1895 euim
943 1831 970 1894 si
994 1830 1064 1910 quis
1088 1850 1157 1894 cum
1186 1831 1227 1893 sit

110 1957 278 2040 stipulatus
314 1964 417 2040 »post
451 1957 748 2039 quinquennium
782 1956 871 2019 mihi
906 1955 995 2018 darc
1030 1953 1224 2038 spondes«,

111 2089 165 2145 aut
193 2101 263 2145 oum
288 2082 382 2146 alicui
412 2081 607 2163 credidisset,
639 2089 765 2165 pactum
789 2080 902 2145 deinde
933 2080 1042 2144 fecerit
1073 2100 1143 2144 cum
1173 2099 1224 2144 eo:

111 2207 265 2271 »debitum
289 2227 309 2270 a
336 2213 368 2271 te
396 2207 479 2271 intra
507 2207 750 2287 quinquennium
779 2225 841 2269 non
869 2210 999 2288 petam«,
1027 2204 1110 2268 iutra
1139 2204 1225 2286 quin-

110 2331 279 2413 quennium
295 2331 490 2414 stipulationi
506 2331 654 2394 insertum
670 2331 721 2394 uel
738 2331 909 2413 inpactum
927 2328 1101 2411 deductum,
1123 2328 1225 2393 locum
1247 2341 1278 2392 15

109 2456 178 2520 fieri
193 2456 387 2519 zenonianae
404 2455 624 2537 constitutioni,
650 2474 730 2537 quae
748 2455 787 2519 de
806 2455 844 2518 iis
861 2455 986 2536 prolata
1002 2458 1057 2536 est,
1081 2453 1134 2533 qui
1150 2459 1225 2517 tem·

109 2599 186 2664 pore
203 2581 274 2663 plus
290 2580 452 2664 petierint:
478 2599 559 2661 quae
576 2579 696 2644 scilicet
714 2579 801 2643 iubet
817 2599 887 2642 eum
904 2577 959 2658 qui
981 2577 1134 2642 eiusmodi
1151 2577 1225 2658 quid

109 2706 280 2788 admiserit,
304 2713 336 2770 et
356 2711 430 2770 ante
446 2705 612 2768 triennium
627 2705 707 2768 forte
731 2724 825 2784 quam
842 2702 1087 2785 quinquennium
1103 2701 1223 2782 exierit,

109 2829 194 2912 quod
222 2830 273 2894 uel
302 2830 334 2894 iu
360 2836 486 2913 pactum
515 2829 681 2894 deductum
705 2834 759 2892 aut
787 2827 819 2891 in
847 2827 1048 2910 stipulatione
1073 2826 1224 2890 insertum

109 2962 171 3036 est,
196 2955 310 3036 egerit,
339 2954 416 3018 nihil
444 2953 535 3018 modo
565 2953 715 3035 consequi
745 2959 776 3017 et
799 2951 942 3016 inducias
971 2951 1124 3015 aduersus
1152 2970 1223 3036 eum
1243 2962 1278 3014 20

108 3080 276 3163 duplicari,
320 3086 354 3143 ut
392 3086 523 3163 cogatur
567 3100 622 3144 sex
673 3101 772 3144 annos
817 3085 995 3162 expectare.
1051 3084 1123 3159 post
1167 3097 1223 3140 sex

108 3225 207 3270 annos
237 3225 350 3288 agens,
385 3213 459 3270 tunc
487 3206 610 3270 domum
638 3206 776 3270 debitum
806 3211 1027 3285 consequatur,
1060 3202 1088 3267 si
1115 3222 1223 3267 omnes

106 3331 267 3413 impensas
303 3338 391 3396 actor
428 3331 632 3414 praestiterit,
670 3351 748 3411 quas
782 3350 855 3395 reus
888 3334 960 3394 ante
993 3334 1115 3411 tempus
1150 3347 1222 3391 oon-

107 3461 219 3522 ucutus
248 3456 351 3520 soluit.
396 3456 454 3520 hoc
490 3457 572 3520 enim
604 3456 695 3520 modo
731 3455 840 3520 moniti
874 3454 1045 3523 creditores
1080 3459 1223 3535 tempora

51 3580 170 3643 11.litis
203 3601 264 3645 non
297 3587 503 3645 contemnent.
553 3580 850 3646 londoniarum
885 3577 1103 3660 exceptionum
1139 3576 1222 3640 aliae
1242 3593 1275 3643 25

107 3724 226 3786 exre,
252 3706 336 3769 aliae
360 3726 404 3769 ex
426 3725 589 3788 persona
612 3711 789 3768 nascuntur.
836 3723 880 3766 ex
907 3723 946 3768 re
970 3702 1095 3802 quidem
1124 3700 1222 3765 ueluti
