3384 5314
867 371 893 378 --
941 337 1004 398 σε
1052 370 1093 378 -

416 507 556 597 άρμόζει.
618 515 643 575 1.
667 508 709 573 Ἡ
733 509 770 572 δὲ
797 507 883 595 ἄκρα
916 508 1068 595 διαίρεσις
1095 511 1159 573 τῶν
1187 509 1409 593 ἰαίοεδίοίοιη1)
1441 507 1532 594 αύτη,
1543 519 1564 570 1.

417 613 555 681 ὅτιτῶν
579 618 772 682 interdictum
795 614 836 679 τά
861 619 919 698 μέγ
942 615 1008 680 ἐστι
1031 617 1267 700 ριοίιίίιίίοιίκ1)
1290 614 1332 679 τά
1354 616 1391 679 δὲ
1406 617 1531 680 restitu-

416 727 496 789 toria
503 726 526 807 ³)
543 721 584 787 τὰ
601 723 637 787 δὲ
654 723 882 806 εείιὶοἰίόιίυ1).
921 723 973 786 καὶ
988 723 1194 806 prohibitoria
1209 727 1269 806 μέν
1284 722 1370 787 ἐστιν
1386 723 1533 807 ἐκεῖναδ),

416 832 451 895 ἐν
475 830 521 904 οἷς
544 827 657 895 κωλύει
679 853 711 893 τι
733 830 887 907 γίνεσθαι.
934 828 1004 893 οἷον
1026 827 1151 914 ήπείλει
1173 854 1221 904 τις
1248 829 1373 894 ἐπιέναι
1396 831 1450 892 καὶ
1472 827 1534 914 τήν

381 951 396 1002 5
417 936 516 1002 οὖσαν
530 939 610 1020 παρ’
625 937 698 1019 ἐμοί
712 935 939 1023 διαταράττειν
955 935 1069 1022 νομήν.
1096 938 1316 1024 προσηλθονθ)
1332 945 1375 1020 τῳ
1393 938 1535 1020 praetori

416 1042 476 1128 τήν
498 1052 557 1106 τοῦ
581 1042 748 1107 ἀντιδίκου
775 1040 983 1128 διηγούμενος
1010 1042 1156 1129 α’πειλήν.
1202 1047 1298 1107 εἶπον
1326 1043 1363 1106 δὲ
1390 1041 1535 1126 ἐμαυτὸν

416 1149 646 1235 ἀνεπιλήπτως
668 1150 825 1233 νέμεσθαι
847 1154 903 1213 καὶ
925 1148 1120 1237 α’πεῳήνατο
1144 1150 1314 1236 &praetor
1330 1148 1413 1214 ούιω
1430 1150 1536 1227 λέγων

417 1259 484 1322 sine
511 1258 588 1322 uitio
618 1258 792 1341 possidenti
820 1259 883 1322 uim
911 1260 977 1323 fieri
1007 1267 1078 1324 ueto
1108 1258 1265 1344 [τουτέστι
1294 1267 1340 1343 τῷ
1368 1257 1535 1342 νεμομένῳ

418 1365 495 1444 δίχα
518 1363 740 1446 ἐλαττώματος
763 1369 837 1446 βίαν
860 1366 1007 1443 γίνεσθαι
1030 1363 1142 1429 κωλύω
1150 1367 1200 1450 1)]
1235 1363 1324 1452 ἢκαὶ
1346 1363 1463 1428 ἕσθότε
1485 1389 1536 1438 τις

366 1483 399 1534 10
417 1468 566 1552 ἐβούλετο
590 1471 750 1556 λείψανον
773 1469 861 1556 αύτῷ
884 1470 1043 1557 διαφέρον
1065 1473 1245 1556 εἰσαγαγεῖν
1267 1472 1323 1535 καὶ
1344 1469 1537 1535 α’ποθέσθαι

417 1578 451 1640 ἐν
474 1578 519 1663 τῷ
541 1574 675 1660 τόπῳῧ),
705 1575 790 1640 ἐνθα
815 1577 942 1642 δίκαιον
964 1575 1003 1663 ήν
1026 1576 1115 1662 αύτῷ
1141 1576 1380 1642 ἀποτίθεσθαι.
1428 1575 1535 1661 δοθή-

418 1702 504 1748 σεται
539 1682 627 1768 αδτῷ
659 1684 885 1767 prohibitorion
916 1685 1103 1749 interdictos
1135 1683 1217 1748 κατά
1247 1693 1305 1749 τού
1335 1684 1536 1766 βουλομένου

417 1789 545 1870 ἐπέχειν
568 1787 713 1870 αδτόνὸ).
759 1788 781 1874 ή
802 1791 857 1852 καὶ
879 1789 1030 1864 ἐβούλετό
1053 1815 1101 1864 τις
1125 1790 1159 1853 ἐν
1175 1797 1272 1872 είιοεῳ
1295 1790 1387 1874 τόπῳ
1406 1790 1535 1853 οἰκοδο-

417 1909 488 1980 μεῖν
510 1895 531 1981 ή
554 1898 606 1959 καὶ
629 1896 664 1960 ἐν
688 1896 830 1981 δημοσίῳ
858 1906 998 1984 ποταμῷ
1020 1895 1041 1981 ή
1064 1898 1116 1960 καὶ
1139 1896 1173 1960 ἐν
1197 1895 1283 1985 ὄχθη
1311 1894 1413 1960 αύτοῦ
1435 1921 1536 1960 κατα-

366 2015 398 2066 15
419 2001 581 2078 σκευάζειν
596 2028 638 2079 τι,
662 2002 707 2065 δι’
722 1999 761 2068 οὗ
776 2002 1077 2086 κατασκευάσματος
1100 2007 1228 2088 χείρονα
1251 2003 1352 2066 ἐποίει
1371 2001 1430 2068 τὸν
1446 2000 1536 2083 διάθ)

418 2119 476 2173 τοῦ
493 2107 647 2191 ποταμού
664 2109 781 2172 πλοῦν.
816 2108 992 2172 κάνταῖιθα
1009 2109 1184 2194 δοθήσεται
1199 2110 1426 2192 prohibitorion
1442 2111 1537 2173 inter-

419 2218 532 2281 disten.
586 2221 639 2282 la.
663 2218 867 2280 Restitutoria
895 2215 933 2278 δέ
959 2216 1041 2291 ἐστι,
1065 2216 1109 2279 δι’
1137 2214 1181 2280 ὧν
1207 2214 1479 2300 άποκαταστήναί
1506 2241 1538 2278 τι
1550 2229 1584 2278 la.

418 2321 546 2386 κελεύεν
572 2321 644 2386 οἷον
658 2320 704 2409 τῳ
721 2325 874 2387 bonorum
890 2323 1075 2405 possessori,
1100 2319 1180 2396 δι’ςτε
1201 2322 1343 2408 δοθηναι
1357 2321 1419 2407 τήν
1435 2321 1539 2407 νομὴν

418 2427 710 2514 τῶνπραγμάτων,
722 2425 771 2493 ὥν
782 2428 886 2512 ἕτερός
898 2453 946 2503 τις
957 2450 1014 2513 pro
1030 2430 1145 2494 herede
1155 2430 1189 2504 111)
1201 2427 1224 2513 ή
1236 2451 1292 2512 pro
1305 2449 1490 2512 possessore
1500 2431 1538 2512 ¹¹)

365 2549 400 2600 20
418 2534 504 2600 ἐστὶν
527 2533 562 2599 ἐν
585 2534 747 2624 κατοχή11)
773 2540 817 2618 (τί
845 2535 883 2598 δέ
904 2534 970 2599 ἐστι
997 2557 1054 2619 pro
1082 2537 1198 2600 herede
1221 2533 1243 2620 ή
1265 2556 1322 2618 pro
1351 2545 1537 2619 possessore

419 2643 589 2728 προϊόντες
606 2642 855 2728 μαθησόμεθα),
870 2640 889 2729 ἢ
904 2641 994 2727 ήνίκα
1010 2640 1136 2729 κελεύσῃ
1151 2640 1419 2728 άποκαταστηναί
1429 2645 1464 2726 13)
1481 2666 1538 2724 μοι

418 2747 479 2834 τήν
502 2747 606 2834 νομήν
628 2746 688 2812 τού
712 2745 828 2834 δγροῦ,
850 2746 888 2832 ής
911 2748 1087 2834 ἐξεβλήθην
1109 2751 1175 2830 βίᾳ.
1213 2751 1265 2815 lb.
1280 2749 1480 2813 Exhibitoria
1499 2749 1539 2812 δέ
1548 2757 1585 2809 lb.

419 2855 505 2920 ἐστιν
521 2855 556 2919 ἐν
572 2855 620 2930 οἷς
636 2855 751 2920 κελεύει
767 2880 798 2918 τι
813 2858 857 2930 εἰς
872 2855 971 2937 μέσον
987 2856 1197 2940 ῳέρεσθαι14).
1227 2854 1298 2919 οἷον
1314 2853 1539 2938 α’ποκρύπτεις

419 2959 479 3026 τὸν
502 2959 582 3044 ἐμόν
604 2960 751 3047 οἷδελφόν
766 2961 868 3045 λέγων
884 2958 986 3026 αύτδν
1001 2964 1084 3025 εἶναι
1100 2959 1222 3024 δοῦλον
1238 2960 1306 3037 σόν,
1329 2962 1409 3043 ἐμοῦ
1422 2962 1537 3043 βουλο-

366 3068 518 3150 κειμένου
539 3071 613 3154 περὶ
635 3070 692 3153 τής
715 3066 816 3135 αύτοῖι
840 3067 1039 3132 δικάσασθαι
1055 3067 1249 3154 ἐλευθερίας.
1283 3066 1305 3152 ή
1320 3066 1538 3152 άποκρύπτεις

419 3173 479 3238 τόν
495 3173 572 3258 ἐμὸν
591 3173 823 3262 α’πελεύθερον,
847 3171 934 3262 ᾧτινι
949 3172 1108 3258 βούλομαι
1129 3181 1242 3258 operas
1263 3173 1446 3239 ἐπιθεῖναι·
1471 3173 1537 3259 ή15)

420 3279 579 3356 πολλάκις
602 3279 662 3345 τόν
689 3279 760 3346 υἱόν
782 3304 844 3364 μου
866 3279 888 3366 ή
910 3279 970 3345 τὸν
993 3279 1125 3365 ἐκγονον
1147 3279 1208 3345 τόν
1229 3278 1424 3356 ὑπεξούσιον
1450 3279 1536 3344 α’πο-

511 3477 531 3543 1)
551 3477 626 3531 ἐστὶν
645 3476 687 3530 ad.
707 3476 751 3529 Vi.
770 3477 804 3529 R.
941 3477 962 3544 2)
982 3474 996 3543 ἦ
1016 3473 1154 3531 κωλύοντα
1174 3475 1217 3529 ad.
1236 3477 1278 3529 P.:
1299 3474 1385 3546 ἤγουν
1404 3474 1536 3530 κωλυτικά

421 3564 464 3620 ad.
483 3565 528 3619 Vi.
547 3567 581 3620 R.
715 3566 737 3623 ³)
757 3564 813 3633 ήτοι
833 3564 1074 3620 άποκαταστατικό
1092 3565 1122 3618 P.
1142 3565 1185 3618 Vi.
1205 3565 1251 3618 R.:
1271 3565 1318 3632 qui
1336 3569 1428 3618 tamen
1447 3563 1535 3618 exhib.

420 3659 486 3721 post
505 3655 592 3707 rest‘t.
612 3655 756 3708 collocant.
876 3655 897 3721 4)
917 3652 973 3720 ἦτοι
993 3651 1183 3724 παραστατικά
1202 3654 1232 3706 Ρ.
1252 3653 1296 3706 Vi.
1315 3653 1347 3706 R.
1469 3654 1491 3715 ⁵)
1509 3652 1534 3706 d.

421 3744 466 3796 Vi.
485 3744 519 3796 R.
668 3743 690 3811 ⁶)
710 3742 765 3814 ἐγώ
784 3742 827 3796 ad.
847 3743 890 3795 Vi.
910 3743 943 3796 R.
1096 3743 1116 3809 7)
1136 3741 1204 3795 dele.
1353 3741 1375 3810 8)
1395 3741 1488 3802 τόκοις
1505 3741 1534 3794 Ρ.

421 3831 443 3901 11)
464 3831 489 3886 d.
509 3832 553 3888 Vi.
572 3831 605 3885 R.
691 3831 725 3900 1⁰)
745 3830 830 3902 ἤγουν
843 3830 878 3892 ιός
891 3829 1057 3902 κληρονόμος
1075 3831 1104 3883 Ρ.
1192 3830 1226 3898 11)
1240 3829 1325 3901 ἤγουν
1338 3829 1374 3892 ιός
1388 3829 1488 3902 νομεύς
1505 3830 1533 3883 P.

422 3921 457 3989 12)
477 3919 625 3991 ἐπελάβετο
644 3920 688 3974 Vi.
707 3921 741 3975 R.
867 3920 901 3987 13)
919 3921 962 3972 Ρ.;
982 3923 1034 3973 oet.
1055 3923 1231 3987 -σταθῇναι,
1364 3920 1399 3988 11)
1420 3920 1480 3990 ἐκφ.
1499 3918 1534 3972 V.

423 4008 816 4076 Qmmwwsss
991 4004 993 4009 ’

511 4101 537 4166 a)
556 4098 662 4152 νοειι.
683 4101 707 4165 ι,
728 4101 804 4153 ιεοε.
