3370 5350
618 403 850 468 -275-

175 589 251 656 haec
272 587 352 654 ΠΠί
370 591 412 657 sit
434 591 552 671 gradus
573 590 705 673 ideoque
732 590 801 656 iura
831 587 1126 684 consanguineitatis
1154 605 1214 654 uon
1241 587 1297 652 ha·

169 710 262 792 hest,
291 727 451 776 unacum
480 705 578 776 tratre
607 727 664 776 suo
692 708 890 776 nihilominus
919 714 1043 774 mortuo
1072 706 1221 774 succedit.
1264 707 1294 770 4.

174 829 259 894 Haec
280 829 495 895 sanctissimus
517 829 687 912 imperator
701 836 810 895 noster
823 827 855 894 in
870 827 1013 910 praelata
1028 827 1169 894 sanciens
1185 825 1298 892 cousti-

173 948 304 1023 tutione,
319 933 435 1028 aliquid
451 965 575 1032 quoque
590 947 728 1014 addidit:
753 965 848 1012 unum
865 953 976 1030 nempe
992 947 1123 1030 madum
1140 947 1161 1010 i.
1177 965 1204 1012 e.
1228 963 1297 1028 per·

173 1085 266 1133 sonas
293 1085 312 1132 a
339 1069 531 1150 cognationis
559 1066 629 1134 iure
661 1067 694 1132 in
724 1065 923 1148 adgnationis
952 1065 1091 1132 ordinem
1119 1065 1296 1132 transtulit:
1329 1077 1347 1129 o

172 1188 263 1253 iussit
287 1189 369 1254 euim
392 1205 453 1254 non
475 1188 569 1255 modo
588 1186 696 1254 fratris
718 1188 780 1254 mei
803 1185 901 1252 filium
923 1184 1096 1268 filiamque,
1126 1184 1297 1251 secundum

172 1323 252 1387 quae
274 1307 337 1372 ium
359 1308 545 1390 optinereut,
567 1308 609 1372 ad
631 1326 731 1374 meam
759 1312 868 1388 utpote
891 1305 1045 1389 adgnatos
1074 1304 1182 1372 uocari
1209 1303 1297 1370 here·

172 1426 316 1505 dilatem,
338 1427 393 1492 sed
417 1425 509 1493 etiam
533 1426 650 1492 sororis
666 1425 757 1504 filios,
773 1425 842 1492 siue
856 1425 925 1508 ipsa
939 1425 1148 1505 consaguinea
1162 1421 1213 1501 sit,
1230 1423 1297 1488 siue

171 1545 389 1612 tantummodo
411 1547 544 1612 uterina.
577 1546 674 1629 igitur
695 1547 722 1611 si
745 1545 816 1629 quis
838 1545 992 1621 moriatur
1012 1543 1119 1610 fratris
1141 1561 1298 1627 praemor-

171 1667 216 1732 tui
238 1665 339 1731 filium
354 1665 500 1745 fidamus,
523 1667 703 1749 sororisque
718 1671 937 1747 praemortuae
958 1665 1027 1731 siue
1049 1662 1297 1745 consanguineae
1317 1683 1349 1737 10

172 1787 238 1854 siue
254 1785 399 1852 uterinae
414 1785 510 1852 filium
526 1785 663 1852 liliamue
678 1786 867 1868 relinquens,
884 1785 1080 1851 uocabantur
1095 1800 1195 1864 aeque
1217 1783 1296 1848 eius-

171 1927 230 1990 que
251 1908 380 1989 capient
401 1907 620 1983 hereditatem,
644 1905 688 1970 illi
710 1911 749 1972 ut
769 1905 884 1988 patrui,
907 1904 940 1970 hi
963 1909 1067 1970 autem
1089 1909 1125 1970 ut
1141 1899 1297 1997 auunculi,

172 2036 331 2110 tamquam
354 2027 382 2093 si
404 2045 510 2092 omnes
540 2047 578 2092 ex
600 2026 749 2092 masculis
778 2025 978 2091 descendant.
1028 2021 1114 2088 Haec
1143 2040 1234 2098 uero,
1262 2026 1299 2085 ut

171 2147 231 2212 iam
254 2145 454 2230 propositum
477 2151 535 2223 est,
557 2145 604 2210 itc
626 2143 808 2226 intellegere
830 2149 955 2226 oportet
976 2144 1004 2208 si
1026 2143 1139 2208 iratres
1161 2158 1298 2207 sorores-

171 2284 240 2347 que,
264 2285 304 2332 ex
327 2267 441 2346 quibus
462 2264 486 2329 ii
509 2264 710 2342 descendant,
734 2283 794 2329 uon
818 2263 945 2342 uiuant;
974 2279 1044 2327 nam
1072 2262 1099 2326 si
1129 2257 1296 2344 supersint,
1317 2286 1349 2338 ιδ

171 2385 441 2464 hereditatemque
473 2384 587 2448 mortui
615 2382 723 2448 fratris
753 2381 998 2465 amplectantur,
1036 2381 1088 2463 qui
1119 2399 1157 2445 er
1184 2377 1296 2446 ceteris

171 2511 245 2569 sunt
273 2503 425 2585 gradibus
453 2503 563 2568 semoti
587 2508 758 2567 remanent.
802 2501 842 2566 ad
865 2501 1021 2582 praelatas
1043 2518 1119 2564 uero
1148 2515 1297 2580 personas

173 2625 210 2690 dc
232 2625 350 2704 quibus
372 2623 437 2706 agit
460 2621 642 2688 constitutio
673 2621 789 2686 mortui
817 2620 962 2702 peruenit
989 2619 1020 2684 in
1051 2619 1154 2700 capita
1180 2636 1242 2682 non
1264 2617 1296 2682 in

172 2743 287 2824 stirpes
311 2740 471 2808 hereditas
495 2741 607 2808 diuisa.
641 2743 766 2823 oportet
786 2757 862 2804 uero
885 2745 918 2804 et
940 2756 1020 2821 quae
1043 2743 1135 2802 antea
1158 2737 1298 2817 exposui-

172 2880 240 2928 mus
264 2868 300 2928 et
320 2880 402 2944 quae
424 2880 506 2926 nuuc
529 2862 661 2926 diximus
689 2860 829 2939 exemplo
857 2855 1026 2923 illustrare.
1078 2863 1219 2922 mortuus
1249 2863 1298 2921 est
1314 2873 1349 2926 20

172 2983 302 3063 quidam
325 2999 463 3066 sororem
486 2979 641 3046 uterinam
665 2980 843 3058 relinquens
866 2985 899 3042 et
920 2975 1113 3059 praemortui
1133 2974 1242 3040 fratris
1263 2974 1298 3040 li·

172 3101 256 3165 lium.
305 3101 376 3165 olim
400 3100 526 3182 quidem
553 3097 745 3182 praemortui
769 3098 875 3162 fratris
897 3089 980 3162 filius
1003 3102 1111 3178 utpote
1141 3097 1297 3176 adgnatus

172 3219 381 3284 hereditatem
404 3219 556 3300 capiebat,
579 3237 649 3285 cum
672 3237 709 3284 cx
732 3217 845 3298 potiori
866 3216 990 3282 ueniret
1011 3215 1129 3293 ordine.
1153 3217 1297 3298 quamuis

173 3339 273 3419 gradu
299 3337 430 3402 ulterior
449 3347 548 3419 esset3
571 3347 639 3403 erat
661 3338 744 3402 euim
766 3335 850 3413 111¹,
873 3355 961 3402 soror
979 3344 1085 3401 autem
1100 3333 1149 3398 11¹
1169 3337 1295 3416 gradus.

173 3458 266 3523 hodie
292 3477 367 3524 uero
391 3459 560 3524 secundum
584 3477 622 3523 ea
644 3476 725 3540 quae
747 3459 891 3540 princeps
913 3463 1020 3522 noster
1047 3454 1151 3521 sanxit
1172 3457 1241 3536 ipsa
1262 3453 1297 3518 fi·
1314 3479 1348 3530 25
