3384 5314
591 352 830 448 4486*

431 704 479 768 De
504 703 607 768 officio
630 702 752 768 iudicis.
797 703 919 766 Titulus
947 706 996 768 17.

242 863 392 947 Superest
407 870 441 928 ut
457 863 496 928 de
521 863 654 928 officio
678 863 818 927 iudicis
842 862 1054 946 dispiciamus.
1092 859 1269 942 etquidem

152 989 184 1052 in
207 988 315 1071 primis
331 988 410 1052 illud
433 989 603 1053 obseruare
628 987 722 1052 debet
744 987 848 1070 iudex,
872 1007 911 1052 ne
936 987 1027 1052 aliter
1049 986 1118 1070 ipse
1141 986 1268 1068 iudicet,

153 1133 246 1193 quam
281 1113 553 1178 constitutionibus
588 1119 643 1178 aut
677 1114 802 1197 scriptis
837 1113 960 1196 legibus
995 1118 1050 1176 aut
1083 1111 1270 1195 prudentum

119 1238 338 1303 1.auctoritate
370 1239 607 1322 comprobatum
637 1245 693 1303 est.
747 1243 773 1305 1.
796 1239 837 1302 Et
864 1239 935 1303 ideo
964 1239 992 1302 si
1018 1238 1127 1302 noxali
1154 1237 1269 1302 iudicio

152 1370 254 1426 tecum
278 1363 424 1446 experiar
452 1369 483 1428 et
507 1365 670 1428 ostendam
699 1365 818 1446 aliquid
842 1364 994 1428 aduersus
1021 1382 1072 1427 me
1101 1351 1282 1427 admissum¹
1308 1372 1323 1423 5

151 1487 258 1570 fuisse,
283 1489 328 1552 ita
344 1488 477 1553 indicem
493 1489 695 1572 pronuntiare
713 1495 852 1572 oportet:
878 1487 1061 1552 ‘Publium
1084 1489 1270 1552 Maeuium

110 1645 112 1648 ·
152 1613 270 1677 Lucio
294 1613 397 1678 Titio
423 1615 547 1678 actori
571 1614 702 1679 decem
726 1633 865 1678 aureos
889 1615 1040 1678 soluere
1064 1613 1269 1677 condemno

117 1744 215 1802 aaut
238 1759 389 1802 seruum
412 1759 534 1804 noxae
558 1739 718 1804 dedere'.
755 1742 783 1806 2.
800 1738 835 1802 Si
859 1739 928 1819 quis
944 1739 1058 1803 iurem
1075 1739 1151 1820 agit,
1175 1739 1271 1803 iudex

152 1865 179 1928 si
203 1869 313 1928 contra
335 1864 499 1946 petitorem
515 1864 643 1946 iudicat,
667 1883 755 1928 reum
772 1864 939 1929 absoluere
956 1863 1058 1928 debet.
1093 1863 1142 1928 sin
1165 1869 1271 1929 autem

151 1989 331 2053 inferiorem
354 1989 401 2052 rei
425 2009 554 2052 causam
578 2008 648 2053 esse
677 1989 843 2072 perspicit,
863 1989 981 2052 'iubeat
1009 2009 1079 2053 eum
1106 2008 1172 2053 rem
1201 2009 1271 2053 cum
1292 2000 1325 2052 10

152 2114 306 2178 fructibus
329 2114 504 2178 restituere.
544 2114 571 2177 si
587 2114 619 2176 in
641 2114 803 2196 praesenti
826 2119 922 2196 neget
939 2133 1013 2178 reus
1029 2133 1123 2203 posse
1146 2133 1181 2179 se
1204 2133 1271 2178 rem

151 2238 333 2320 restituere,
363 2258 464 2319 neque
489 2238 521 2301 id
544 2238 755 2303 frustratiouis
780 2259 877 2303 causa
900 2239 941 2302 ab
966 2258 1004 2303 eo
1028 2237 1156 2321 dicitur,
1181 2239 1272 2304 decet

151 2363 303 2444 iudicem,
339 2363 369 2428 ei
399 2363 551 2446 temporis
582 2363 720 2428 indutias
752 2364 943 2446 concedere,
978 2364 1062 2428 intra
1095 2384 1174 2445 quas
1205 2383 1271 2428 rem

153 2489 254 2552 actori
287 2487 454 2553 restituere
490 2487 619 2569 debeat;
653 2493 687 2552 ut
721 2494 827 2553 tamen
862 2487 1044 2552 satisdando
1080 2494 1194 2554 causat
1232 2488 1270 2552 de

153 2613 216 2678 litis
245 2613 478 2678 aestimatione:
515 2632 585 2677 sese
616 2612 771 2694 nimirum,
801 2613 828 2676 si
858 2613 940 2678 intra
963 2619 1086 2696 tempus
1118 2633 1138 2677 a
1167 2612 1271 2678 iudice
1292 2624 1324 2675 15

153 2737 352 2802 constitutum
375 2757 442 2801 rem
465 2757 528 2801 non
550 2738 737 2820 restituerit,
766 2737 1017 2802 aestimationem
1044 2737 1109 2802 litis
1139 2739 1271 2820 praesti·

153 2870 264 2927 turum.
331 2861 415 2944 quod
450 2862 477 2926 si
508 2862 667 2927 hereditas
702 2863 831 2945 petitur,
867 2861 998 2945 perinde
1034 2861 1120 2927 circa
1152 2862 1272 2927 fructus

155 2987 349 3069 decernatur,
366 2992 460 3067 atque
477 2987 508 3050 in
526 2987 702 3052 actionibus
717 2987 751 3051 in
766 3008 840 3052 rem.
869 3007 976 3052 eorum
993 2992 1099 3052 autem
1114 2988 1271 3052 fructuum

154 3112 288 3194 nomine,
313 3132 391 3193 quos
415 3113 508 3196 culpa
531 3133 590 3176 sua
613 3112 796 3177 hereditatis
819 3131 984 3196 possessor
1006 3130 1069 3176 non
1084 3113 1270 3196 perceperit,

155 3225 422 3317 condemnabitur,
447 3238 474 3301 si
498 3237 623 3317 quidem
646 3237 732 3302 mala
746 3237 808 3300 fide
824 3237 856 3301 in
872 3237 1055 3302 hereditatis
1070 3238 1271 3320 possessione
1291 3249 1326 3299 20
