3298 5322
862 373 1103 438 -393-

423 555 482 612 τοῦ
508 547 708 634 χρησαμένου
742 547 965 635 προκάταρξιν
990 549 1048 630 sil)
1077 546 1230 630 βούλεται
1262 547 1456 612 καταλιπεῖν
1482 547 1535 634 την

375 791 376 794 “
422 758 518 826 τοῦτο
525 760 550 844 ²)
568 759 705 846 ποιετνη
718 759 864 837 διάταξις
874 762 927 824 καί
939 761 1191 847 παραγενέσθαι
1207 758 1301 848 παρά
1317 769 1376 828 τοῦ
1387 761 1534 837 κλέπτου,

423 865 607 950 οόδεμιοῖςῧ)
637 864 725 954 αὐτῷ
753 866 974 946 δικαιολογίας
1005 867 1266 953 άντιτιθεμέυης,
1294 865 1407 954 ἐπειδη
1441 868 1531 954 μήπω

389 989 405 1040 5
424 970 520 1052 γνοὺς
542 969 579 1037 τό
603 969 725 1058 άληθὲς
748 971 995 1059 προκατηρξατο
1019 970 1104 1037 κατά
1126 982 1185 1039 τοῦ
1207 973 1423 1060 χρησαμένου,
1447 977 1475 1039 εί
1496 972 1532 1059 μη

395 1074 489 1167 ’ἄρα
521 1078 539 1145 δ
568 1077 766 1166 χρησάμενος
798 1087 843 1166 τῷ
875 1078 1017 1169 δεσπότῃ
1049 1079 1109 1146 τοῦ
1141 1080 1335 1168 πράγματος
1362 1079 1400 1146 τό
1429 1078 1534 1146 ἳκανδν

423 1186 573 1273 ἐποίησεν
596 1187 651 1250 ἐπὶ
674 1194 719 1272 τῷ
742 1187 897 1250 κλαπέντι
921 1185 1102 1273 πράγματι,
1127 1185 1240 1274 πρὶνὸ
1262 1187 1422 1272 δεσπότης
1445 1186 1533 1274 μάθη

422 1301 518 1360 τοῦτο
541 1293 730 1379 κεκλέφθαι.
776 1301 953 1378 τηνικαῦτα
980 1291 1042 1380 γάρ
1071 1290 1090 1359 ό
1117 1279 1177 1378 μὲν
1203 1295 1341 1379 κλέπτης
1370 1292 1430 1374 οὐχ
1458 1293 1533 1358 ὐπο-

423 1407 558 1466 κείσεται
579 1409 625 1485 τῷ
648 1399 789 1488 δεσπότῃ
813 1397 850 1489 τῇ
873 1401 955 1482 furti,
979 1399 1195 1486 δναχθησεται
1219 1398 1369 1487 δὲπαρά
1390 1408 1532 1486 τοῦχρη-

371 1521 406 1572 10
425 1507 579 1590 σαμέυου,
613 1507 648 1582 δς
676 1509 802 1580 οἰκείοις
830 1506 968 1592 χρήμασι
999 1516 1045 1594 τῷ
1073 1507 1214 1596 δεσπότῃ
1248 1505 1307 1573 τοῦ
1343 1506 1534 1594 πράγματος

423 1612 622 1701 ἐθεράπευσε
637 1611 694 1699 την
711 1613 837 1699 ζημίαν,
861 1613 1109 1699 ὡμολογημένον
1125 1613 1284 1690 κάκείνον,
1300 1612 1351 1680 ὅτι
1366 1618 1395 1678 εί
1410 1616 1534 1694 α’γνοῶν

423 1718 642 1810 ὑφηρῆσθαιί)
666 1718 704 1785 τδ
721 1718 864 1814 πρᾶγμα
890 1719 909 1786 ό
932 1719 1091 1806 δεσπότης
1115 1721 1237 1807 ἐκίνησε
1260 1719 1320 1808 την
1341 1723 1533 1802 commodati,

422 1831 491 1892 εἶτα
518 1824 641 1910 μαθών
667 1826 702 1890 ἓν
729 1824 774 1912 τῷ
803 1825 924 1909 μεταξδ
950 1828 1121 1914 μετῆλθεν
1138 1828 1194 1892 ἐπὶ
1221 1825 1280 1914 την
1312 1829 1400 1910 furti,
1435 1827 1533 1893 οδκέτι

423 1931 593 2020 δυνήσεται
620 1933 861 2020 παλινδρομεῖν
892 1934 948 1998 ἐπὶ
980 1932 1038 2016 την
1070 1936 1269 2000 commodati.
1320 1933 1534 2021 ἦλευθέρωται

371 2054 404 2105 15
423 2039 484 2128 γάρ
509 2039 528 2106 δ
543 2037 742 2127 χρησάμενος
757 2049 811 2126 της
826 2041 861 2116 ἓξ
876 2039 979 2106 αδτοῦ
995 2041 1202 2127 ἓναγωγηςθ),
1218 2045 1246 2105 εἰ
1266 2040 1374 2106 καίτά
1395 2040 1530 2125 μάλιστα

423 2146 442 2234 ἡ
467 2145 550 2211 κατά
578 2156 637 2213 τοῦ
663 2148 803 2212 κλέπτου
832 2145 944 2232 άγωγή
975 2147 1032 2213 οὐκ
1065 2146 1133 2228 ἐ’σχε
1163 2147 1303 2236 χρηστόν
1330 2146 1531 2233 άπρτέλεσμα

423 2253 478 2319 διά
503 2251 540 2318 τό
563 2251 721 2328 πολλάκις
744 2251 876 2341 ἄπορον
902 2251 1077 2342 εδρεθιῖναι
1099 2253 1158 2320 τόν
1185 2255 1338 2340 κλέπτην.
1384 2262 1534 2341 κρατείτω

424 2361 461 2426 δὲ
483 2368 588 2426 ταῦτα
610 2363 673 2424 ε’ίτε
695 2364 738 2435 εἰς
761 2360 856 2447 μέρος
878 2364 941 2426 εἴτε
963 2364 1007 2435 είς
1030 2359 1206 2448 ὁλόκληρον
1228 2359 1370 2448 εὔπορος
1394 2361 1432 2448 ἦν
1453 2363 1534 2449 πρός

422 2465 483 2554 τὴν
508 2464 693 2552 καταβολὴν
724 2469 783 2531 τοῦ
815 2466 992 2552 τιμήματος
1019 2469 1079 2531 τοῦ
1108 2467 1307 2554 χρησθέντος
1335 2467 1533 2553 πράγματος.

370 2579 474 2642 2017.
498 2573 695 2659 Παρεθέμην
718 2575 807 2659 Τίίίῳ
835 2575 968 2658 πρᾶγμα
993 2573 1088 2658 ἐμόν,
1117 2575 1303 2657 diligentian
1331 2573 1437 2638 οδκέτι
1459 2575 1574 2639 {no-17.

424 2681 523 2763 φείλει
545 2679 598 2745 ἐπὶ
620 2682 666 2768 τῷ
679 2680 1009 2765 παρακατατεθέντιῡ)
1027 2681 1203 2766 πράγματι,
1228 2680 1280 2744 οία
1296 2681 1400 2767 μηδὲν
1414 2683 1533 2767 κερδαί-

421 2809 500 2863 νων,
524 2784 596 2850 άλλ’
607 2786 642 2852 ἐκ
653 2788 712 2851 τοῦ
727 2785 876 2851 ἐναντίου
890 2789 1017 2870 μᾶλλον
1032 2786 1161 2872 αὕτδςῖ)
1186 2789 1232 2875 τῷ
1248 2787 1389 2877 δεσπότη
1404 2789 1533 2874 κέρδους

422 2893 524 2968 α’ίτιος
546 2895 676 2978 γίνεται,
699 2892 745 2969 οός
767 2893 803 2958 έν
825 2891 967 2975 α’σφαλεί
987 2893 1079 2980 τόπῳ
1106 2896 1234 2978 μᾶλλον
1261 2893 1300 2960 τὸ
1328 2893 1410 2978 ἐμὸν
1436 2919 1532 2979 παρα-

421 3000 558 3084 θέμενος
585 3003 728 3085 πρᾶγμα.
774 2999 879 3084 μόνον
907 3000 944 3064 δὲ
972 2999 1026 3065 ἐπὶ
1051 3000 1156 3087 τούτῳ
1184 2999 1368 3076 όπυίθυνος
1396 3005 1477 3066 εἶναι
1500 3002 1533 3088 τῇ

369 3119 403 3170 25
422 3107 567 3192 depositi,
591 3105 651 3172 ἐὰν
672 3106 756 3170 κατά
779 3130 851 3170 τινα
868 3106 970 3172 δόλου
985 3105 1088 3171 αὐτοῦ
1103 3110 1205 3197 βλαβῇ
1220 3105 1260 3172 τὸ
1275 3109 1422 3192 πρᾶγμα,
1446 3105 1532 3182 ὅθεν,

421 3212 655 3299 ὑφαιρεθέυτος
687 3213 820 3289 τούτου,
855 3211 966 3299 ἐπειδὴ
998 3211 1058 3278 οὐκ
1092 3213 1240 3298 ένάγεται
1271 3213 1355 3299 πρὸς
1387 3213 1448 3300 τὴν
1478 3215 1532 3278 τοῦ

421 3319 613 3405 πράγματος
637 3317 902 3385 δποκατάστασιυ
922 3318 978 3384 διὰ
999 3319 1037 3385 τό
1059 3321 1162 3406 μηδὲν
1182 3320 1347 3406 διαφέρειν
1362 3319 1452 3410 αὐτῷ
1465 3319 1532 3392 τόθι

423 3425 583 3502 σοόζεσθαι
605 3424 644 3490 τὸ
673 3425 823 3511 πρᾶγμα,
852 3425 891 3491 οὗ
918 3427 1039 3512 κινήσει
1065 3426 1148 3492 κατὰ
1177 3429 1236 3492 τοῦ
1263 3427 1448 3521 κλέψαντος
1474 3426 1530 3512 τήν

421 3535 509 3616 furti,
537 3531 608 3597 ἀλλ’
631 3533 765 3618 άρμόσει
788 3529 869 3619 αὕτη
896 3535 942 3620 τῷ
965 3533 1116 3623 δεσπότη.
1177 3540 1225 3602 18.
1251 3539 1304 3599 Ἐν
1330 3535 1413 3598 τέλει
1441 3535 1479 3600 δέ
1499 3553 1530 3598 σε
1539 3540 1571 3591 18.

369 3650 404 3702 80
421 3638 525 3706 έιστυο
548 3637 608 3704 αόκ
631 3639 759 3706 ἄτοπον
781 3639 912 3717 εἰδέναι,
935 3639 981 3715 σός
998 3640 1123 3727 ζήτησις
1146 3641 1276 3726 γέγονεν
1291 3644 1319 3706 εί
1335 3639 1399 3726 ἆρα
1415 3639 1530 3727 ἄνηβος

422 3743 596 3832 ἀλλότριον
604 3746 803 3830 δφελόμενος
809 3749 943 3832 πρᾶγμα
951 3760 1113 3832 κρατεῖται
1124 3750 1161 3838 τη
1174 3749 1260 3826 furti,
1271 3747 1382 3834 ἐπειδὴ
1390 3744 1531 3834 πονηρᾶς

511 3961 532 4026 ¹)
551 3961 597 4014 καὶ
616 3960 650 4013 Μ.
668 3960 708 4013 Pi.
782 3961 803 4028 2)
822 3959 852 4016 τό
871 3960 914 4014 L².
987 3960 1009 4028 ³)
1027 3963 1092 4032 μηδ,
1102 3961 1145 4014 Ιιῧ.
1155 3961 1200 4015 Vi.
1213 3962 1246 4015 R.
1319 3961 1342 4029 4)
1360 3968 1530 4033 -αιρεῑσθαι

420 4047 465 4102 Vi.
485 4047 519 4103 G.
626 4043 715 4121 ὃ)άγ.
733 4049 776 4103 Ιιθ.
796 4049 840 4103 Vi.
859 4050 893 4103 R.
986 4049 1009 4118 ⁶)
1029 4054 1214 4106 -καταθέντι
1231 4051 1277 4104 Vi.
1296 4050 1339 4104 ΡΙ,
1429 4051 1449 4116 7)
1468 4047 1530 4102 -τό

420 4138 463 4192 Ll.
482 4138 512 4192 F.
620 4137 642 4205 8)
662 4142 699 4211 τῴ
717 4139 761 4193 Vi.
782 4138 815 4192 G.
1442 4139 1446 4142 ’
