3298 5322
571 343 612 352 -
659 309 723 373 408
771 343 812 353 --

146 483 333 548 commissmn
359 483 467 564 fuerit,
501 489 532 547 et
560 483 644 563 quod
672 489 781 566 aperte
805 483 846 546 ad
879 482 1098 547 contumeliam
1131 481 1248 546 domini

146 613 267 690 spectat.
312 606 411 672 ueluti
434 607 461 671 si
489 607 558 687 quis
587 628 712 672 seruum
739 628 843 671 meum
871 606 1100 688 uerberauerit3
1129 605 1162 669 in
1189 606 1247 670 hcc

145 731 219 796 euim
242 751 317 796 casu
344 731 528 795 iniuriarum
555 732 639 796 actio
670 732 832 815 competit:
862 738 896 796 at
918 731 945 795 si
969 731 1038 811 quis
1062 749 1153 795 seruo
1177 749 1246 795 meo

144 855 309 920 conuicium
332 855 443 920 feccrit
459 860 514 919 aut
536 875 642 938 pugno
659 875 731 920 cum
747 855 946 939 percusserit,
971 855 1056 918 nulla
1073 855 1149 918 mihi
1165 854 1247 919 actio

111 980 233 1044 udum.
278 985 308 1046 4.
333 981 534 1044 Communem
558 1001 683 1045 seruum
707 1001 777 1045 curn
800 981 884 1045 Titio
909 980 1095 1060 habueram3
1119 985 1154 1044 tu
1178 998 1247 1043 eum

140 1104 315 1168 uerberasti.
368 1111 400 1168 et
428 1125 487 1186 ego
517 1111 548 1168 et
580 1105 681 1169 Titius
717 1105 900 1169 iniuriarum
934 1123 1031 1187 agere
1066 1123 1246 1186 pessumum

139 1247 233 1308 neque
256 1249 314 1311 pro
338 1235 493 1312 canente,
517 1249 580 1310 qua
604 1249 664 1312 ego
689 1229 833 1294 dominus
857 1250 935 1310 sum,
960 1235 1008 1293 set
1031 1248 1071 1292 ex
1094 1227 1246 1308 qualitate

138 1352 291 1433 utriusque
321 1353 439 1417 domini
461 1373 616 1436 personae
644 1354 758 1418 iniuria
786 1354 984 1418 aestimatur:
1014 1351 1090 1434 quid
1113 1352 1195 1416 enim
1220 1352 1247 1416 si

109 1476 212 1540 salter
236 1482 378 1558 senator,
408 1478 488 1542 alter
515 1477 658 1560 plebeius
691 1478 752 1541 sit?
797 1481 827 1544 5.
850 1476 1000 1541 Eiusdem
1028 1476 1112 1540 serui
1144 1475 1246 1540 Titius

137 1601 353 1665 usumfructum
368 1602 517 1682 habebat,
542 1601 685 1666 Maeuius
705 1602 884 1666 dominium.
921 1601 950 1666 ei
965 1600 1069 1665 fecisti
1085 1600 1244 1681 iniuriam;
1267 1613 1300 1664 10

108 1738 128 1788 6.
136 1725 252 1790 Maeuio
282 1725 343 1790 soli
370 1725 554 1790 iniuriarum
583 1725 737 1790 obnoxius
766 1726 836 1790 eris.
888 1730 917 1792 6.
942 1725 1019 1789 Cum
1047 1725 1127 1789 liber
1154 1695 1245 1789 homo

135 1848 187 1912 tibi
208 1849 369 1914 bonafide
394 1850 535 1932 seruiret,
561 1870 621 1932 ego
645 1870 717 1915 eum
733 1850 849 1914 iniuria
865 1850 976 1914 adfeci.
1011 1869 1074 1914 non
1091 1855 1247 1932 competet

134 2102 164 2159 ut
184 2097 250 2180 ipse
274 2118 332 2163 suo
356 2098 481 2163 nomine
506 2099 694 2184 experiatur.
741 2098 774 2162 id
797 2118 872 2163 uero
898 2099 978 2180 dico,
1002 2099 1065 2162 nisi
1088 2105 1197 2181 aperte
1213 2097 1246 2162 in

132 2226 212 2285 tuam
228 2221 451 2287 contumeliam
475 2223 505 2287 ei
521 2223 666 2287 iniuriam
689 2223 761 2304 ieci,
786 2228 860 2288 tunc
879 2223 961 2287 enim
977 2224 1072 2287 etiam
1089 2223 1147 2287 tibi
1162 2223 1244 2288 actio
1266 2234 1298 2285 15

131 2344 309 2410 iniuriarum
334 2345 467 2413 dabitur.
515 2347 598 2411 idem
622 2348 752 2412 dicimus
777 2353 809 2412 et
832 2349 859 2411 si
883 2348 1003 2412 alienus
1028 2327 1138 2411 seruus
1161 2349 1245 2411 bona

130 2468 186 2534 fide
222 2470 283 2535 tibi
321 2471 457 2553 seruiat3
502 2492 574 2534 nam
615 2471 642 2535 si
679 2471 794 2535 iniuria
833 2471 998 2535 adficiatur
1034 2472 1093 2535 tibi
1130 2471 1244 2535 totiens

131 2569 310 2658 inisrriarum
334 2595 460 2659 dabitur
483 2595 581 2678 actio,
611 2596 756 2677 quotiens
781 2595 946 2660 ostendere
975 2596 1076 2678 possis
1100 2596 1133 2658 in
1159 2600 1244 2659 tuam

94 2729 115 2781 u.
131 2719 348 2784 contumeliam
371 2719 403 2783 id
426 2721 543 2784 tactum
568 2740 646 2785 esse.
684 2724 712 2786 7.
735 2721 844 2784 Poena
867 2727 972 2784 autem
996 2720 1180 2784 iniuriarum
1205 2739 1244 2784 ex

130 2841 196 2924 lege
219 2844 284 2907 XII
307 2844 484 2907 tabularum
508 2850 637 2926 propter
664 2845 838 2908 membrum
866 2844 993 2926 quidem
1020 2849 1144 2926 mptum
1167 2844 1243 2908 talio
1263 2855 1297 2906 20

129 2971 194 3030 erat
216 2966 314 3051 (idem
338 2967 420 3031 enim
450 2967 632 3050 patiebatur
655 2969 709 3049 qui
731 2970 903 3032 membrum
923 2969 1087 3052 rupisset);
1115 2974 1244 3051 propter

129 3108 162 3152 os
185 3110 261 3155 uero
290 3091 424 3156 fractum
452 3093 647 3157 nummariae
673 3093 792 3157 fiebant
820 3093 1105 3158 condemnationes.
1157 3099 1189 3156 et
1211 3091 1242 3156 id

128 3215 255 3294 grauim
291 3223 359 3279 erat
394 3215 427 3278 in
461 3237 578 3298 magna
617 3223 758 3281 ueterum
799 3223 994 3300 paupertate.
1052 3224 1100 3281 set
1131 3223 1243 3300 postea

128 3343 300 3420 praetores,
324 3359 437 3422 poena,
463 3359 544 3421 quae
560 3341 619 3404 XII
636 3341 753 3406 tabulis
777 3341 955 3407 introducta
970 3343 1082 3424 fuerat,
1107 3342 1241 3418 sublata,

128 3458 203 3548 ipsis
237 3463 292 3543 qui
321 3463 436 3527 iniuria
468 3471 540 3528 sunt
572 3465 688 3529 adfecti
716 3466 925 3548 permiserunt
952 3466 1112 3547 iniuriam,
1148 3485 1243 3546 quam
1262 3474 1295 3526 25

179 4175 273 4227 uneopn.
287 4177 399 4218 Antecess.
414 4188 455 4218 rec.
470 4177 558 4218 uorum.
