3164 5338
505 391 747 454 -372-

86 564 222 628 rationem
244 563 370 646 reddat,
400 584 470 629 cum
498 565 730 631 exactissimam
754 571 786 630 et
808 585 962 632 summam
989 563 1188 646 diligentiam

85 689 258 770 innegotiis
283 687 428 771 gerendis
457 690 607 755 adhibere
635 690 758 755 debeat.
804 674 863 754 nec
891 689 973 754 enim
1002 685 1131 754 sufficit
1144 689 1184 772 ei,

84 833 117 878 ne
137 812 255 878 actione
278 813 477 896 negotiorum
501 820 662 898 gestorum
685 820 840 897 teneatur,
868 814 965 879 talem
988 813 1185 896 diligentiam

83 939 109 1002 in
130 937 235 1002 alienis
258 939 353 1003 rebus
376 939 551 1021 ostendere,
576 940 702 1020 qualem
727 940 792 1004 suis
815 939 910 1004 rebus
927 939 1077 1004 adhibere
1094 939 1184 1021 solet,

83 1063 106 1125 si
125 1062 212 1126 modo
237 1063 318 1128 alius
343 1063 523 1148 diligentior
546 1064 740 1129 commodius
764 1063 876 1128 fuisset
898 1063 1028 1146 negotia
1055 1062 1185 1128 admini-
1222 1074 1246 1126 ti

82 1193 237 1252 straturus:
260 1195 335 1254 tunc
358 1189 441 1253 enim
464 1208 528 1254 non
551 1189 593 1252 ad
615 1189 715 1272 ipsius
740 1189 890 1272 gestoris,
919 1195 968 1254 set
990 1187 1032 1252 ad
1054 1187 1185 1253 alterius

53 1325 72 1374 2.
81 1313 264 1395 diligentiam
288 1313 517 1379 administratio
541 1313 707 1380 iudicatur.
755 1317 784 1380 2.
808 1315 942 1378 Tutores
967 1333 1106 1396 quoque,
1131 1312 1186 1394 qui

80 1438 185 1503 tutelae
213 1437 328 1503 iudicio
356 1443 515 1520 tenentur,
543 1458 607 1502 uon
634 1437 762 1521 proprie
791 1457 831 1502 ex
859 1442 1022 1502 contractu
1049 1437 1186 1520 obligari

79 1561 300 1645 intelleguntur.
334 1583 407 1626 nam
432 1563 526 1643 quale
542 1563 702 1645 negotium
718 1561 800 1626 inter
815 1567 949 1627 tutorem
978 1567 1009 1627 et
1030 1561 1185 1646 pupillum

79 1687 271 1768 contrahitur,
294 1687 481 1770 praesertim
498 1707 569 1751 cum
585 1687 688 1752 infans
705 1687 844 1771 pupillus
868 1687 929 1751 sit?
953 1692 1001 1750 set
1024 1685 1099 1768 quia
1121 1706 1185 1750 non
1205 1695 1246 1748 lo

79 1830 113 1874 er
132 1811 285 1876 maleficio
309 1817 454 1876 tenentur
476 1817 595 1876 tutores
613 1812 719 1896 (quale
741 1812 823 1875 enim
840 1811 988 1875 delictum
1004 1811 1104 1875 tutela
1127 1815 1184 1892 est,

79 1956 150 2016 quae
173 1936 216 2000 ad
238 1937 430 2019 pupillorum
446 1935 677 2020 prouidentiam
702 1942 750 2001 est
766 1935 988 2020 introductail,
1014 1934 1124 2018 quasi
1140 1954 1185 2000 ex

78 2067 267 2125 contractu
290 2061 390 2126 teneri
413 2061 567 2125 uidentur.
603 2065 634 2125 et
649 2061 709 2126 hoc
725 2060 821 2124 etiam
837 2079 915 2125 casu
937 2060 1018 2124 ultro
1043 2059 1184 2140 citroque

77 2191 240 2249 nascuntur
262 2185 417 2268 actiones;
441 2205 503 2249 non
518 2191 640 2249 tantum
657 2185 739 2249 enim
755 2185 894 2268 pupillus
909 2191 1045 2249 tutorem
1062 2183 1184 2249 actione

75 2311 184 2374 tutelae
209 2311 383 2393 obligatum
406 2311 512 2392 habet,
537 2315 585 2374 set
608 2329 647 2374 ex
671 2309 827 2375 contrario
852 2329 976 2390 quoque
997 2309 1066 2393 ipse
1089 2307 1185 2374 tutori
1205 2317 1243 2368 15

76 2435 227 2498 contraria
242 2435 361 2499 tutelae
378 2435 501 2500 actione
517 2441 650 2516 tenetur,
676 2435 703 2498 si
721 2435 774 2498 uel
797 2433 985 2518 impenderit
1009 2433 1129 2514 aliquid
1152 2433 1185 2497 in

75 2578 134 2622 rem
155 2560 279 2644 pupilli,
303 2561 356 2624 uel
379 2580 436 2643 pro
461 2580 499 2625 eo
523 2561 617 2624 fuerit
641 2559 800 2642 obligatus
816 2558 869 2623 uel
884 2578 950 2623 rem
966 2579 1056 2622 suam
1072 2557 1185 2642 pupilli

48 2689 65 2740 3.
75 2683 216 2748 creditori
248 2683 445 2767 obligauerit.
497 2687 526 2751 3.
549 2685 627 2748 Item
644 2673 645 2680 ἵ
662 2684 742 2748 inter
776 2682 986 2765 obligationes
1021 2682 1114 2763 quasi
1146 2701 1185 2746 ex

74 2814 230 2873 contractu
256 2809 335 2874 haec
363 2809 486 2892 species
513 2809 661 2874 refertur:
697 2809 725 2873 si
755 2808 836 2872 inter
860 2806 984 2888 aliquos
1011 2806 1184 2871 communis

73 2949 119 2994 res
141 2932 182 2996 sit
205 2933 274 2998 sine
297 2933 463 2997 societate:
494 2933 593 2998 ueluti
622 2933 698 3014 quia
725 2927 847 2997 duobus
876 2931 970 2996 simul
997 2930 1110 2996 eadem
1132 2951 1184 2994 res
1204 2939 1243 2990 to

72 3053 175 3136 legata
204 3057 362 3122 donataue
390 3058 457 3122 fuit.
504 3064 536 3122 et
558 3057 630 3122 hine
659 3058 739 3122 alter
762 3057 854 3121 alteri
876 3062 1000 3120 tenetur
1028 3055 1185 3120 communi

73 3177 240 3246 diuidundo
256 3181 383 3264 indicio,
401 3183 485 3262 quod
501 3183 586 3247 solus
601 3183 721 3246 fructus
737 3183 809 3246 inde
825 3181 1011 3266 perceperit,
1036 3181 1089 3244 uel
1105 3180 1185 3244 alter

73 3322 138 3368 cum
166 3307 266 3371 altero
300 3327 338 3372 eo
366 3307 492 3371 nomine
521 3307 596 3388 agit,
625 3306 710 3387 quod
742 3307 940 3370 necessarias
969 3305 1128 3388 impensas
1152 3304 1184 3368 in

72 3447 264 3495 communem
279 3451 347 3496 rem
359 3431 477 3496 iecerit.
512 3451 569 3495 nec
581 3431 662 3495 enim
678 3431 804 3514 proprie
821 3431 1015 3512 intellegitur
1030 3428 1185 3494 eiusmodi
