3164 5338
542 424 579 434 -
625 390 772 454 342-

116 570 354 657 prehenduntur,
382 572 497 640 ueluti:
529 575 775 657 »Spondesne
802 573 896 640 dare
921 574 1013 640 mihi
1033 575 1130 642 huno
1151 576 1216 642 ho·

114 693 242 759 minem
279 697 319 758 et
350 692 448 758 huno
481 691 641 758 fundum
674 698 713 759 et
744 693 846 760 hunc
877 693 1016 760 librum
1049 700 1086 760 et
1117 695 1216 761 hanc

113 813 296 877 uestem?
339 812 366 878 si
410 812 536 894 quidem
575 813 748 895 promissor
789 814 972 896 simpliciter
1011 814 1216 899 respondeat:

113 930 334 1014 »spondeo«,
363 937 493 1014 propter
520 951 627 998 omnes
654 937 794 998 tenetur:
824 934 851 999 si
877 952 953 999 uero
980 934 1019 998 de
1047 953 1111 999 una
1135 932 1217 999 forte

110 1049 269 1117 ueletiam
296 1050 335 1117 de
357 1051 458 1116 altera
486 1070 536 1130 re,
565 1070 646 1132 quae
674 1051 877 1134 stipulatione
899 1052 1250 1136 comprehendentem

108 1171 301 1254 respondeat,
329 1176 459 1254 propter
483 1171 541 1238 has
564 1175 689 1238 tanturn
711 1173 882 1256 obligatur,
913 1171 951 1238 de
980 1173 1094 1256 quibus
1116 1178 1148 1240 et
1169 1192 1216 1240 re·

106 1291 271 1373 sponderit.
324 1311 395 1358 oum
423 1311 498 1375 ergo
526 1294 632 1375 plures
663 1291 740 1359 fiant
769 1294 987 1376 stipulationes
1015 1295 1107 1376 (quot
1134 1293 1217 1358 enirn

106 1411 304 1494 stipulatione
317 1431 368 1479 res
383 1412 690 1496 comprehenduntur
711 1417 760 1479 tot
775 1420 850 1479 sunt
863 1414 959 1480 etiam
973 1413 1216 1496 stipulationes),

105 1550 163 1596 nna
184 1532 239 1598 nel
261 1531 369 1612 altera,
393 1533 433 1598 ad
455 1553 551 1616 quam
565 1536 738 1618 promissor
759 1535 965 1619 responderit,
988 1533 1127 1617 perlecto
1148 1552 1217 1600 esse

104 1649 241 1731 uidetur,
271 1652 311 1718 ad
332 1653 471 1736 singulas
500 1655 582 1720 enim
609 1675 659 1722 res
688 1675 769 1739 quae
790 1656 992 1740 stipulatione
1019 1655 1218 1721 continentur
1237 1661 1268 1712 10

104 1773 285 1856 responderi
313 1777 452 1857 oportet:
479 1775 628 1840 1111111111
650 1775 682 1840 in
712 1775 856 1841 omnibus
877 1774 931 1841 fiet
959 1773 1120 1858 stipulatio
1148 1794 1217 1857 per-

62 1899 93 1951 rs.
101 1889 188 1958 fecta.
231 1895 280 1958 19.
303 1893 404 1960 Alteri
426 1894 581 1978 stipulari,
602 1901 639 1962 ut
660 1914 758 1979 supra
779 1895 897 1962 dietum
919 1899 976 1974 est,
999 1913 1090 1961 nemo
1112 1894 1217 1960 ualide

99 2015 216 2094 potest:
247 2011 394 2080 inuentae
420 2019 495 2080 sunt
521 2015 603 2080 eninr
629 2015 809 2082 huiusmodi
836 2015 1053 2098 stipulationes
1082 2014 1122 2080 ad
1148 2014 1216 2093 1111,

99 2136 134 2196 ut
154 2133 376 2216 unusquisque
398 2133 458 2200 sibi
480 2133 628 2216 adquirat
656 2134 742 2217 qnod
763 2154 822 2201 sua
843 2135 986 2201 interest:
1021 2135 1169 2216 qnoniam
1191 2134 1218 2199 si

98 2253 167 2334 quis
190 2253 374 2338 stipuletur,
397 2273 468 2321 oum
489 2253 567 2320 nihil
589 2274 648 2320 sua
668 2255 801 2334 intersit,
824 2273 887 2320 non
909 2254 1027 2320 ualebit
1049 2253 1267 2337 (1111111115

98 2377 164 2438 tum
188 2375 262 2440 erit.
306 2374 399 2458 plane
421 2375 448 2440 si
470 2375 540 2457 quis
561 2374 620 2441 hoe
647 2375 788 2440 ualidum
810 2375 941 2440 reddere
962 2374 1053 2453 uelit,
1082 2392 1216 2457 poenam

96 2493 247 2577 stipulari
270 2493 378 2575 debet,
401 2499 438 2559 ut
459 2495 486 2560 si
508 2493 541 2560 id
563 2494 680 2561 facturn
701 2515 763 2561 non
786 2494 897 2573 luerit,
920 2513 1022 2578 poena
1043 2493 1216 2559 committa-

95 2617 163 2695 tur;
199 2615 319 2682 ueluti:
359 2613 607 2697 »spondesne
640 2614 734 2680 dare
763 2615 869 2679 Titio
903 2611 1026 2679 decern
1059 2612 1215 2678 aureos?

94 2733 174 2798 nisi
191 2733 370 2808 dederis,
386 2732 505 2812 dabis
520 2732 613 2798 mihi
628 2751 770 2816 poenae
785 2732 940 2798 nomine
955 2733 1131 2814 quinque
1146 2733 1216 2816 (seu

91 2851 175 2920 forte
206 2854 331 2937 plures)
362 2853 549 2920 aureosi«
576 2853 724 2936 competit
750 2854 832 2919 enirn
854 2852 929 2934 mihi
954 2853 1064 2934 petitio
1086 2870 1215 2934 poenae,
1233 2856 1267 2908 20

90 2973 165 3040 licet
189 2993 235 3040 an
257 2992 328 3039 mea
341 2974 466 3039 intersit
480 2973 615 3056 probare
630 2993 692 3038 non
714 2973 840 3056 possim.
877 2972 1020 3054 quotiens
1044 2973 1125 3037 enirn
1147 2972 1218 3054 quis

90 3112 233 3174 poenam
257 3093 429 3175 stipulatur
456 3111 518 3158 non
540 3093 617 3158 illud
639 3093 820 3174 inspicimus
843 3111 883 3157 an
905 3093 1099 3176 stipulatoris
1122 3092 1217 3156 inter-

87 3191 144 3293 sit,
178 3218 236 3280 set
264 3231 420 3297 quaenam
447 3213 488 3278 sit
514 3232 632 3296 poenae
658 3214 819 3296 quantitas
840 3214 872 3277 in
900 3213 1078 3279 condicione
1099 3212 1218 3277 inserta

86 3333 321 3418 stipulationis.
368 3350 449 3414 quae
477 3338 526 3399 est
553 3337 659 3398 autem
686 3333 896 3416 stipulationis
926 3333 1086 3398 condicio?
1114 3331 1217 3396 idest

85 3454 177 3535 quod
193 3455 232 3520 in
247 3472 285 3520 ea
299 3453 442 3536 ponitur:
468 3453 568 3518 »nisi
582 3452 650 3518 hoc
665 3452 824 3532 feceris,
848 3453 955 3518 dabis
971 3452 1060 3518 mihi
1075 3470 1216 3534 poenae
1234 3463 1267 3514 11

84 3573 175 3641 1111
202 3591 348 3639 aureos
369 3573 551 3640 decemo?
573 3573 680 3654 itaque
701 3573 729 3638 si
750 3573 820 3654 quis
842 3573 1012 3655 stipuletur
1033 3573 1114 3636 Titio
1137 3571 1214 3651 dari,

83 3695 166 3760 nihil
191 3694 278 3776 agit3
301 3695 329 3760 si
351 3711 426 3760 uero
440 3706 573 3778 poenam
587 3695 706 3760 inserat
721 3693 925 3777 stipulationi,
949 3693 1029 3758 forto
1049 3711 1216 3758 aureorum
