<?xml version="1.0" encoding="UTF-8"?>
<!DOCTYPE html PUBLIC "-//W3C//DTD XHTML 1.0 Transitional//EN"
    "http://www.w3.org/TR/xhtml1/DTD/xhtml1-transitional.dtd">
<html xmlns="http://www.w3.org/1999/xhtml" xml:lang="en" lang="en">
 <head>
  <title>
</title>
<meta http-equiv="Content-Type" content="text/html;charset=utf-8" />
  <meta name='ocr-system' content='tesseract 3.04.00' />
  <meta name='ocr-capabilities' content='ocr_page ocr_carea ocr_par ocr_line ocrx_word'/>
</head>
<body>
  <div class='ocr_page' id='page_1' title='image "./institutionumgr01linggoog_0081.png"; bbox 0 0 3154 5338; ppageno 0'>
   <div class='ocr_carea' id='block_1_1' title="bbox 546 369 779 432">
    <p class='ocr_par' dir='ltr' id='par_1_1' title="bbox 546 369 779 432">
     <span class='ocr_line' id='line_1_1' title="bbox 546 369 779 432; baseline 0.013 -2"><span class='ocrx_word' id='word_1_1' title='bbox 546 369 779 432; x_wconf 77' lang='lat'>-291-</span> 
     </span>
    </p>
   </div>
   <div class='ocr_carea' id='block_1_2' title="bbox 60 552 1276 3628">
    <p class='ocr_par' dir='ltr' id='par_1_2' title="bbox 66 552 1276 3151">
     <span class='ocr_line' id='line_1_2' title="bbox 66 552 1221 648; baseline 0.004 -28"><span class='ocrx_word' id='word_1_2' title='bbox 66 569 98 620; x_wconf 88' lang='lat' dir='ltr'><strong>ro.</strong></span> <span class='ocrx_word' id='word_1_3' title='bbox 186 552 234 616; x_wconf 92' lang='lat'><strong>10.</strong></span> <span class='ocrx_word' id='word_1_4' title='bbox 268 553 350 619; x_wconf 90' lang='lat' dir='ltr'><strong>Illud</strong></span> <span class='ocrx_word' id='word_1_5' title='bbox 385 561 491 621; x_wconf 89' lang='lat' dir='ltr'><strong>autern</strong></span> <span class='ocrx_word' id='word_1_6' title='bbox 519 555 551 619; x_wconf 94' lang='lat' dir='ltr'><strong>in</strong></span> <span class='ocrx_word' id='word_1_7' title='bbox 585 555 694 637; x_wconf 87' lang='lat' dir='ltr'><strong>primis</strong></span> <span class='ocrx_word' id='word_1_8' title='bbox 723 557 901 648; x_wconf 80' lang='lat' dir='ltr'><strong>meminisse</strong></span> <span class='ocrx_word' id='word_1_9' title='bbox 929 558 1019 623; x_wconf 91' lang='lat' dir='ltr'><strong>iuuat</strong></span> <span class='ocrx_word' id='word_1_10' title='bbox 1044 565 1221 639; x_wconf 83' lang='lat' dir='ltr'><strong>praetorem</strong></span> 
     </span>
     <span class='ocr_line' id='line_1_3' title="bbox 104 674 1222 757; baseline 0.007 -21"><span class='ocrx_word' id='word_1_11' title='bbox 104 681 299 753; x_wconf 90' lang='lat' dir='ltr'><strong>cognatorum</strong></span> <span class='ocrx_word' id='word_1_12' title='bbox 322 674 463 740; x_wconf 83' lang='lat' dir='ltr'><strong>ordinem</strong></span> <span class='ocrx_word' id='word_1_13' title='bbox 494 693 563 740; x_wconf 93' lang='lat' dir='ltr'><strong>cnm</strong></span> <span class='ocrx_word' id='word_1_14' title='bbox 593 676 810 757; x_wconf 83' lang='lat' dir='ltr'><strong>excogitasset,</strong></span> <span class='ocrx_word' id='word_1_15' title='bbox 838 678 911 742; x_wconf 87' lang='lat' dir='ltr'><strong>huie</strong></span> <span class='ocrx_word' id='word_1_16' title='bbox 938 679 969 741; x_wconf 94' lang='lat' dir='ltr'><strong>in</strong></span> <span class='ocrx_word' id='word_1_17' title='bbox 997 679 1151 744; x_wconf 88' lang='lat' dir='ltr'><strong>seruitute</strong></span> <span class='ocrx_word' id='word_1_18' title='bbox 1173 697 1222 744; x_wconf 92' lang='lat' dir='ltr'><strong>or-</strong></span> 
     </span>
     <span class='ocr_line' id='line_1_4' title="bbox 103 791 1219 878; baseline 0.009 -23"><span class='ocrx_word' id='word_1_19' title='bbox 103 797 162 856; x_wconf 87' lang='lat' dir='ltr'><strong>tam</strong></span> <span class='ocrx_word' id='word_1_20' title='bbox 183 791 401 873; x_wconf 83' lang='lat' dir='ltr'><strong>cognationem</strong></span> <span class='ocrx_word' id='word_1_21' title='bbox 424 813 485 860; x_wconf 94' lang='lat' dir='ltr'><strong>non</strong></span> <span class='ocrx_word' id='word_1_22' title='bbox 509 795 677 874; x_wconf 84' lang='lat' dir='ltr'><strong>addidisse,</strong></span> <span class='ocrx_word' id='word_1_23' title='bbox 701 814 770 861; x_wconf 91' lang='lat' dir='ltr'><strong>curn</strong></span> <span class='ocrx_word' id='word_1_24' title='bbox 793 796 879 862; x_wconf 89' lang='lat' dir='ltr'><strong>nulla</strong></span> <span class='ocrx_word' id='word_1_25' title='bbox 902 799 1057 864; x_wconf 88' lang='lat' dir='ltr'><strong>uetustior</strong></span> <span class='ocrx_word' id='word_1_26' title='bbox 1079 797 1145 878; x_wconf 83' lang='lat' dir='ltr'><strong>lex,</strong></span> <span class='ocrx_word' id='word_1_27' title='bbox 1168 820 1219 865; x_wconf 91' lang='lat' dir='ltr'><strong>ue·</strong></span> 
     </span>
     <span class='ocr_line' id='line_1_5' title="bbox 103 910 1221 998; baseline 0.009 -23"><span class='ocrx_word' id='word_1_28' title='bbox 103 911 156 976; x_wconf 89' lang='lat' dir='ltr'><strong>luti</strong></span> <span class='ocrx_word' id='word_1_29' title='bbox 177 910 239 976; x_wconf 85' lang='lat' dir='ltr'><strong>XII</strong></span> <span class='ocrx_word' id='word_1_30' title='bbox 261 911 439 980; x_wconf 88' lang='lat' dir='ltr'><strong>tabularum</strong></span> <span class='ocrx_word' id='word_1_31' title='bbox 463 921 495 979; x_wconf 92' lang='lat' dir='ltr'><strong>et</strong></span> <span class='ocrx_word' id='word_1_32' title='bbox 516 913 596 980; x_wconf 87' lang='lat' dir='ltr'><strong>aliae</strong></span> <span class='ocrx_word' id='word_1_33' title='bbox 618 915 772 996; x_wconf 89' lang='lat' dir='ltr'><strong>quaedam</strong></span> <span class='ocrx_word' id='word_1_34' title='bbox 802 916 841 982; x_wconf 89' lang='lat' dir='ltr'><strong>de</strong></span> <span class='ocrx_word' id='word_1_35' title='bbox 868 917 1105 998; x_wconf 83' lang='lat' dir='ltr'><strong>cognationibus</strong></span> <span class='ocrx_word' id='word_1_36' title='bbox 1128 919 1221 996; x_wconf 86' lang='lat' dir='ltr'><strong>latae,</strong></span> 
     </span>
     <span class='ocr_line' id='line_1_6' title="bbox 103 1030 1273 1119; baseline 0.008 -23"><span class='ocrx_word' id='word_1_37' title='bbox 103 1030 250 1098; x_wconf 88' lang='lat' dir='ltr'><strong>eiusmodi</strong></span> <span class='ocrx_word' id='word_1_38' title='bbox 262 1041 439 1114; x_wconf 82' lang='lat' dir='ltr'><strong>agnoscent.</strong></span> <span class='ocrx_word' id='word_1_39' title='bbox 462 1043 511 1101; x_wconf 91' lang='lat' dir='ltr'><strong>set</strong></span> <span class='ocrx_word' id='word_1_40' title='bbox 522 1036 750 1102; x_wconf 89' lang='lat' dir='ltr'><strong>sacratissimus</strong></span> <span class='ocrx_word' id='word_1_41' title='bbox 761 1033 908 1119; x_wconf 88' lang='lat' dir='ltr'><strong>Princeps</strong></span> <span class='ocrx_word' id='word_1_42' title='bbox 920 1042 1026 1102; x_wconf 89' lang='lat' dir='ltr'><strong>noster</strong></span> <span class='ocrx_word' id='word_1_43' title='bbox 1037 1038 1070 1102; x_wconf 96' lang='lat' dir='ltr'><strong>in</strong></span> <span class='ocrx_word' id='word_1_44' title='bbox 1082 1057 1140 1103; x_wconf 91' lang='lat' dir='ltr'><strong>sua</strong></span> <span class='ocrx_word' id='word_1_45' title='bbox 1151 1056 1223 1104; x_wconf 94' lang='lat' dir='ltr'><strong>con·</strong></span> <span class='ocrx_word' id='word_1_46' title='bbox 1257 1037 1273 1087; x_wconf 80' lang='lat'><strong>5</strong></span> 
     </span>
     <span class='ocr_line' id='line_1_7' title="bbox 104 1151 1222 1238; baseline 0.004 -21"><span class='ocrx_word' id='word_1_47' title='bbox 104 1151 273 1232; x_wconf 81' lang='lat' dir='ltr'><strong>stitutione,</strong></span> <span class='ocrx_word' id='word_1_48' title='bbox 295 1153 328 1218; x_wconf 92' lang='lat' dir='ltr'><strong>in</strong></span> <span class='ocrx_word' id='word_1_49' title='bbox 351 1173 414 1238; x_wconf 89' lang='lat' dir='ltr'><strong>qna</strong></span> <span class='ocrx_word' id='word_1_50' title='bbox 435 1161 638 1234; x_wconf 91' lang='lat' dir='ltr'><strong>patronorum</strong></span> <span class='ocrx_word' id='word_1_51' title='bbox 660 1156 889 1222; x_wconf 88' lang='lat' dir='ltr'><strong>successionum</strong></span> <span class='ocrx_word' id='word_1_52' title='bbox 911 1157 980 1222; x_wconf 88' lang='lat' dir='ltr'><strong>iura</strong></span> <span class='ocrx_word' id='word_1_53' title='bbox 1001 1159 1222 1238; x_wconf 89' lang='lat' dir='ltr'><strong>perscrutauit,</strong></span> 
     </span>
     <span class='ocr_line' id='line_1_8' title="bbox 103 1271 1222 1357; baseline 0.004 -20"><span class='ocrx_word' id='word_1_54' title='bbox 103 1271 323 1339; x_wconf 87' lang='lat' dir='ltr'><strong>obscuritatem</strong></span> <span class='ocrx_word' id='word_1_55' title='bbox 352 1277 488 1356; x_wconf 87' lang='lat' dir='ltr'><strong>quaein</strong></span> <span class='ocrx_word' id='word_1_56' title='bbox 516 1276 626 1341; x_wconf 90' lang='lat' dir='ltr'><strong>iisdem</strong></span> <span class='ocrx_word' id='word_1_57' title='bbox 656 1275 818 1357; x_wconf 90' lang='lat' dir='ltr'><strong>optinebat</strong></span> <span class='ocrx_word' id='word_1_58' title='bbox 845 1283 877 1342; x_wconf 92' lang='lat' dir='ltr'><strong>et</strong></span> <span class='ocrx_word' id='word_1_59' title='bbox 906 1277 983 1342; x_wconf 89' lang='lat' dir='ltr'><strong>iuris</strong></span> <span class='ocrx_word' id='word_1_60' title='bbox 1012 1275 1222 1343; x_wconf 85' lang='lat' dir='ltr'><strong>confusionem</strong></span> 
     </span>
     <span class='ocr_line' id='line_1_9' title="bbox 103 1395 1222 1478; baseline 0.006 -22"><span class='ocrx_word' id='word_1_61' title='bbox 103 1413 271 1472; x_wconf 90' lang='lat' dir='ltr'><strong>remouens,</strong></span> <span class='ocrx_word' id='word_1_62' title='bbox 293 1395 488 1461; x_wconf 83' lang='lat' dir='ltr'><strong>humanitate</strong></span> <span class='ocrx_word' id='word_1_63' title='bbox 509 1402 697 1478; x_wconf 87' lang='lat' dir='ltr'><strong>suggerente</strong></span> <span class='ocrx_word' id='word_1_64' title='bbox 718 1396 777 1461; x_wconf 91' lang='lat' dir='ltr'><strong>hoc</strong></span> <span class='ocrx_word' id='word_1_65' title='bbox 793 1397 886 1462; x_wconf 91' lang='lat' dir='ltr'><strong>etiarn</strong></span> <span class='ocrx_word' id='word_1_66' title='bbox 902 1396 1024 1475; x_wconf 89' lang='lat' dir='ltr'><strong>statuit,</strong></span> <span class='ocrx_word' id='word_1_67' title='bbox 1045 1402 1082 1460; x_wconf 92' lang='lat' dir='ltr'><strong>nt</strong></span> <span class='ocrx_word' id='word_1_68' title='bbox 1104 1396 1131 1462; x_wconf 90' lang='lat' dir='ltr'><strong>si</strong></span> <span class='ocrx_word' id='word_1_69' title='bbox 1153 1398 1222 1477; x_wconf 88' lang='lat' dir='ltr'><strong>quis</strong></span> 
     </span>
     <span class='ocr_line' id='line_1_10' title="bbox 103 1513 1222 1595; baseline 0.003 -17"><span class='ocrx_word' id='word_1_70' title='bbox 103 1516 131 1578; x_wconf 95' lang='lat' dir='ltr'><strong>in</strong></span> <span class='ocrx_word' id='word_1_71' title='bbox 152 1513 261 1579; x_wconf 89' lang='lat' dir='ltr'><strong>seruili</strong></span> <span class='ocrx_word' id='word_1_72' title='bbox 283 1517 439 1581; x_wconf 90' lang='lat' dir='ltr'><strong>consortio</strong></span> <span class='ocrx_word' id='word_1_73' title='bbox 461 1517 651 1582; x_wconf 88' lang='lat' dir='ltr'><strong>constitutus</strong></span> <span class='ocrx_word' id='word_1_74' title='bbox 666 1515 782 1582; x_wconf 91' lang='lat' dir='ltr'><strong>liberos</strong></span> <span class='ocrx_word' id='word_1_75' title='bbox 800 1516 955 1595; x_wconf 89' lang='lat' dir='ltr'><strong>habuerit,</strong></span> <span class='ocrx_word' id='word_1_76' title='bbox 977 1515 1046 1581; x_wconf 90' lang='lat' dir='ltr'><strong>siue</strong></span> <span class='ocrx_word' id='word_1_77' title='bbox 1068 1535 1105 1580; x_wconf 87' lang='lat' dir='ltr'><strong>ex</strong></span> <span class='ocrx_word' id='word_1_78' title='bbox 1125 1517 1222 1582; x_wconf 88' lang='lat' dir='ltr'><strong>libera</strong></span> 
     </span>
     <span class='ocr_line' id='line_1_11' title="bbox 102 1632 1274 1712; baseline 0.002 -14"><span class='ocrx_word' id='word_1_79' title='bbox 102 1632 165 1699; x_wconf 91' lang='lat' dir='ltr'><strong>siue</strong></span> <span class='ocrx_word' id='word_1_80' title='bbox 188 1653 225 1698; x_wconf 87' lang='lat' dir='ltr'><strong>ex</strong></span> <span class='ocrx_word' id='word_1_81' title='bbox 241 1634 363 1712; x_wconf 91' lang='lat' dir='ltr'><strong>ancilla,</strong></span> <span class='ocrx_word' id='word_1_82' title='bbox 386 1635 437 1700; x_wconf 92' lang='lat' dir='ltr'><strong>uel</strong></span> <span class='ocrx_word' id='word_1_83' title='bbox 459 1643 568 1701; x_wconf 88' lang='lat' dir='ltr'><strong>contra</strong></span> <span class='ocrx_word' id='word_1_84' title='bbox 590 1635 714 1700; x_wconf 88' lang='lat' dir='ltr'><strong>seruilis</strong></span> <span class='ocrx_word' id='word_1_85' title='bbox 736 1635 922 1701; x_wconf 87' lang='lat' dir='ltr'><strong>conditionis</strong></span> <span class='ocrx_word' id='word_1_86' title='bbox 943 1634 1056 1699; x_wconf 93' lang='lat' dir='ltr'><strong>mulier</strong></span> <span class='ocrx_word' id='word_1_87' title='bbox 1071 1654 1107 1699; x_wconf 85' lang='lat' dir='ltr'><strong>en</strong></span> <span class='ocrx_word' id='word_1_88' title='bbox 1122 1633 1222 1702; x_wconf 91' lang='lat' dir='ltr'><strong>libero</strong></span> <span class='ocrx_word' id='word_1_89' title='bbox 1242 1649 1274 1700; x_wconf 90' lang='lat'><strong>10</strong></span> 
     </span>
     <span class='ocr_line' id='line_1_12' title="bbox 104 1753 1223 1836; baseline 0.002 -18"><span class='ocrx_word' id='word_1_90' title='bbox 104 1755 150 1820; x_wconf 92' lang='lat' dir='ltr'><strong>nel</strong></span> <span class='ocrx_word' id='word_1_91' title='bbox 172 1773 268 1820; x_wconf 90' lang='lat' dir='ltr'><strong>seruo</strong></span> <span class='ocrx_word' id='word_1_92' title='bbox 295 1753 379 1820; x_wconf 89' lang='lat' dir='ltr'><strong>filios</strong></span> <span class='ocrx_word' id='word_1_93' title='bbox 408 1755 565 1836; x_wconf 87' lang='lat' dir='ltr'><strong>pepererit</strong></span> <span class='ocrx_word' id='word_1_94' title='bbox 592 1754 815 1834; x_wconf 89' lang='lat' dir='ltr'><strong>cuiuscumque</strong></span> <span class='ocrx_word' id='word_1_95' title='bbox 840 1772 947 1828; x_wconf 79' lang='lat' dir='ltr'><strong>sexus,</strong></span> <span class='ocrx_word' id='word_1_96' title='bbox 975 1755 1223 1835; x_wconf 88' lang='lat' dir='ltr'><strong>perueniantque</strong></span> 
     </span>
     <span class='ocr_line' id='line_1_13' title="bbox 102 1867 1223 1954; baseline 0.003 -16"><span class='ocrx_word' id='word_1_97' title='bbox 102 1891 208 1938; x_wconf 91' lang='lat' dir='ltr'><strong>seruus</strong></span> <span class='ocrx_word' id='word_1_98' title='bbox 231 1881 323 1954; x_wconf 88' lang='lat' dir='ltr'><strong>pater</strong></span> <span class='ocrx_word' id='word_1_99' title='bbox 345 1873 396 1938; x_wconf 90' lang='lat' dir='ltr'><strong>nel</strong></span> <span class='ocrx_word' id='word_1_100' title='bbox 418 1892 512 1938; x_wconf 91' lang='lat' dir='ltr'><strong>serua</strong></span> <span class='ocrx_word' id='word_1_101' title='bbox 535 1880 633 1938; x_wconf 87' lang='lat' dir='ltr'><strong>mater</strong></span> <span class='ocrx_word' id='word_1_102' title='bbox 656 1874 695 1938; x_wconf 92' lang='lat' dir='ltr'><strong>ad</strong></span> <span class='ocrx_word' id='word_1_103' title='bbox 718 1871 895 1938; x_wconf 89' lang='lat' dir='ltr'><strong>libertatem</strong></span> <span class='ocrx_word' id='word_1_104' title='bbox 912 1867 1076 1954; x_wconf 85' lang='lat' dir='ltr'><strong>¹liberique</strong></span> <span class='ocrx_word' id='word_1_105' title='bbox 1099 1894 1136 1940; x_wconf 85' lang='lat' dir='ltr'><strong>en</strong></span> <span class='ocrx_word' id='word_1_106' title='bbox 1158 1895 1223 1941; x_wconf 90' lang='lat' dir='ltr'><strong>ser·</strong></span> 
     </span>
     <span class='ocr_line' id='line_1_14' title="bbox 102 1989 1223 2063; baseline 0.004 -7"><span class='ocrx_word' id='word_1_107' title='bbox 102 1991 154 2056; x_wconf 92' lang='lat' dir='ltr'><strong>nili</strong></span> <span class='ocrx_word' id='word_1_108' title='bbox 176 2000 289 2058; x_wconf 89' lang='lat' dir='ltr'><strong>uentre</strong></span> <span class='ocrx_word' id='word_1_109' title='bbox 311 1992 377 2057; x_wconf 90' lang='lat' dir='ltr'><strong>nati</strong></span> <span class='ocrx_word' id='word_1_110' title='bbox 392 1989 570 2058; x_wconf 90' lang='lat' dir='ltr'><strong>libertatem</strong></span> <span class='ocrx_word' id='word_1_111' title='bbox 592 1999 742 2063; x_wconf 85' lang='lat' dir='ltr'><strong>mereant,</strong></span> <span class='ocrx_word' id='word_1_112' title='bbox 766 1994 858 2058; x_wconf 90' lang='lat' dir='ltr'><strong>liceat</strong></span> <span class='ocrx_word' id='word_1_113' title='bbox 889 1992 935 2058; x_wconf 90' lang='lat' dir='ltr'><strong>eis</strong></span> <span class='ocrx_word' id='word_1_114' title='bbox 962 1995 1027 2058; x_wconf 85' lang='lat' dir='ltr'><strong>suis</strong></span> <span class='ocrx_word' id='word_1_115' title='bbox 1056 1995 1223 2061; x_wconf 89' lang='lat' dir='ltr'><strong>succedere</strong></span> 
     </span>
     <span class='ocr_line' id='line_1_15' title="bbox 101 2111 1223 2192; baseline 0.002 -17"><span class='ocrx_word' id='word_1_116' title='bbox 101 2113 290 2192; x_wconf 73' lang='lat' dir='ltr'><strong>parentibus</strong></span> <span class='ocrx_word' id='word_1_117' title='bbox 313 2119 497 2192; x_wconf 91' lang='lat' dir='ltr'><strong>patronatus</strong></span> <span class='ocrx_word' id='word_1_118' title='bbox 512 2111 581 2176; x_wconf 88' lang='lat' dir='ltr'><strong>iuro</strong></span> <span class='ocrx_word' id='word_1_119' title='bbox 597 2114 708 2192; x_wconf 88' lang='lat' dir='ltr'><strong>sopito.</strong></span> <span class='ocrx_word' id='word_1_120' title='bbox 742 2131 802 2178; x_wconf 93' lang='lat' dir='ltr'><strong>non</strong></span> <span class='ocrx_word' id='word_1_121' title='bbox 824 2117 946 2177; x_wconf 80' lang='lat' dir='ltr'><strong>tantum</strong></span> <span class='ocrx_word' id='word_1_122' title='bbox 968 2113 1049 2178; x_wconf 91' lang='lat' dir='ltr'><strong>enirn</strong></span> <span class='ocrx_word' id='word_1_123' title='bbox 1072 2113 1223 2179; x_wconf 91' lang='lat' dir='ltr'><strong>eiusmodi</strong></span> 
     </span>
     <span class='ocr_line' id='line_1_16' title="bbox 101 2229 1274 2312; baseline 0.008 -17"><span class='ocrx_word' id='word_1_124' title='bbox 101 2229 152 2296; x_wconf 90' lang='lat' dir='ltr'><strong>filii</strong></span> <span class='ocrx_word' id='word_1_125' title='bbox 174 2231 242 2296; x_wconf 92' lang='lat' dir='ltr'><strong>suis</strong></span> <span class='ocrx_word' id='word_1_126' title='bbox 266 2232 434 2296; x_wconf 89' lang='lat' dir='ltr'><strong>succedent</strong></span> <span class='ocrx_word' id='word_1_127' title='bbox 456 2233 657 2312; x_wconf 84' lang='lat' dir='ltr'><strong>parentibus,</strong></span> <span class='ocrx_word' id='word_1_128' title='bbox 686 2239 735 2296; x_wconf 90' lang='lat' dir='ltr'><strong>set</strong></span> <span class='ocrx_word' id='word_1_129' title='bbox 762 2232 856 2297; x_wconf 86' lang='lat' dir='ltr'><strong>etiam</strong></span> <span class='ocrx_word' id='word_1_130' title='bbox 885 2233 964 2297; x_wconf 89' lang='lat' dir='ltr'><strong>alter</strong></span> <span class='ocrx_word' id='word_1_131' title='bbox 992 2233 1121 2298; x_wconf 89' lang='lat' dir='ltr'><strong>alterius</strong></span> <span class='ocrx_word' id='word_1_132' title='bbox 1143 2233 1223 2299; x_wconf 90' lang='lat' dir='ltr'><strong>acci·</strong></span> <span class='ocrx_word' id='word_1_133' title='bbox 1242 2251 1274 2303; x_wconf 84' lang='lat' dir='ltr'><strong>rt</strong></span> 
     </span>
     <span class='ocr_line' id='line_1_17' title="bbox 101 2349 1221 2432; baseline 0.004 -18"><span class='ocrx_word' id='word_1_134' title='bbox 101 2351 162 2429; x_wconf 87' lang='lat' dir='ltr'><strong>piet</strong></span> <span class='ocrx_word' id='word_1_135' title='bbox 190 2349 417 2429; x_wconf 89' lang='lat' dir='ltr'><strong>hereditatem,</strong></span> <span class='ocrx_word' id='word_1_136' title='bbox 447 2351 529 2416; x_wconf 89' lang='lat' dir='ltr'><strong>sicut</strong></span> <span class='ocrx_word' id='word_1_137' title='bbox 558 2357 591 2416; x_wconf 89' lang='lat' dir='ltr'><strong>et</strong></span> <span class='ocrx_word' id='word_1_138' title='bbox 624 2351 693 2432; x_wconf 89' lang='lat' dir='ltr'><strong>ipsa</strong></span> <span class='ocrx_word' id='word_1_139' title='bbox 722 2351 899 2431; x_wconf 88' lang='lat' dir='ltr'><strong>specialiter</strong></span> <span class='ocrx_word' id='word_1_140' title='bbox 931 2351 1000 2416; x_wconf 91' lang='lat' dir='ltr'><strong>nult</strong></span> <span class='ocrx_word' id='word_1_141' title='bbox 1029 2352 1221 2430; x_wconf 89' lang='lat' dir='ltr'><strong>constitutio,</strong></span> 
     </span>
     <span class='ocr_line' id='line_1_18' title="bbox 101 2469 1223 2552; baseline 0 -16"><span class='ocrx_word' id='word_1_142' title='bbox 101 2472 164 2536; x_wconf 89' lang='lat' dir='ltr'><strong>siue</strong></span> <span class='ocrx_word' id='word_1_143' title='bbox 186 2469 248 2536; x_wconf 88' lang='lat' dir='ltr'><strong>soli</strong></span> <span class='ocrx_word' id='word_1_144' title='bbox 271 2471 407 2536; x_wconf 82' lang='lat' dir='ltr'><strong>existant</strong></span> <span class='ocrx_word' id='word_1_145' title='bbox 428 2471 460 2535; x_wconf 94' lang='lat' dir='ltr'><strong>in</strong></span> <span class='ocrx_word' id='word_1_146' title='bbox 482 2471 591 2536; x_wconf 91' lang='lat' dir='ltr'><strong>seruili</strong></span> <span class='ocrx_word' id='word_1_147' title='bbox 614 2471 795 2537; x_wconf 86' lang='lat' dir='ltr'><strong>condicione</strong></span> <span class='ocrx_word' id='word_1_148' title='bbox 825 2474 891 2536; x_wconf 93' lang='lat' dir='ltr'><strong>nati</strong></span> <span class='ocrx_word' id='word_1_149' title='bbox 918 2479 951 2538; x_wconf 88' lang='lat' dir='ltr'><strong>et</strong></span> <span class='ocrx_word' id='word_1_150' title='bbox 979 2479 1088 2552; x_wconf 91' lang='lat' dir='ltr'><strong>postea</strong></span> <span class='ocrx_word' id='word_1_151' title='bbox 1117 2491 1223 2536; x_wconf 93' lang='lat' dir='ltr'><strong>manu·</strong></span> 
     </span>
     <span class='ocr_line' id='line_1_19' title="bbox 101 2592 1222 2673; baseline -0.002 -17"><span class='ocrx_word' id='word_1_152' title='bbox 101 2593 193 2670; x_wconf 88' lang='lat' dir='ltr'><strong>missi,</strong></span> <span class='ocrx_word' id='word_1_153' title='bbox 218 2593 289 2656; x_wconf 91' lang='lat' dir='ltr'><strong>sine</strong></span> <span class='ocrx_word' id='word_1_154' title='bbox 311 2592 388 2657; x_wconf 91' lang='lat' dir='ltr'><strong>alios</strong></span> <span class='ocrx_word' id='word_1_155' title='bbox 411 2592 556 2671; x_wconf 88' lang='lat' dir='ltr'><strong>deinceps</strong></span> <span class='ocrx_word' id='word_1_156' title='bbox 578 2612 615 2658; x_wconf 90' lang='lat' dir='ltr'><strong>ex</strong></span> <span class='ocrx_word' id='word_1_157' title='bbox 638 2592 837 2658; x_wconf 88' lang='lat' dir='ltr'><strong>manumissis</strong></span> <span class='ocrx_word' id='word_1_158' title='bbox 851 2593 1033 2673; x_wconf 87' lang='lat' dir='ltr'><strong>parantibus</strong></span> <span class='ocrx_word' id='word_1_159' title='bbox 1053 2592 1138 2657; x_wconf 89' lang='lat' dir='ltr'><strong>nasci</strong></span> <span class='ocrx_word' id='word_1_160' title='bbox 1154 2610 1222 2656; x_wconf 91' lang='lat' dir='ltr'><strong>con·</strong></span> 
     </span>
     <span class='ocr_line' id='line_1_20' title="bbox 100 2710 1224 2792; baseline -0.001 -17"><span class='ocrx_word' id='word_1_161' title='bbox 100 2713 207 2792; x_wconf 88' lang='lat' dir='ltr'><strong>tingat.</strong></span> <span class='ocrx_word' id='word_1_162' title='bbox 254 2731 316 2777; x_wconf 89' lang='lat' dir='ltr'><strong>nna</strong></span> <span class='ocrx_word' id='word_1_163' title='bbox 339 2713 420 2776; x_wconf 89' lang='lat' dir='ltr'><strong>enim</strong></span> <span class='ocrx_word' id='word_1_164' title='bbox 443 2731 512 2776; x_wconf 91' lang='lat' dir='ltr'><strong>cum</strong></span> <span class='ocrx_word' id='word_1_165' title='bbox 535 2711 585 2776; x_wconf 88' lang='lat' dir='ltr'><strong>his</strong></span> <span class='ocrx_word' id='word_1_166' title='bbox 607 2718 769 2792; x_wconf 89' lang='lat' dir='ltr'><strong>paternam</strong></span> <span class='ocrx_word' id='word_1_167' title='bbox 800 2713 849 2777; x_wconf 90' lang='lat' dir='ltr'><strong>uel</strong></span> <span class='ocrx_word' id='word_1_168' title='bbox 878 2720 1049 2776; x_wconf 91' lang='lat' dir='ltr'><strong>maternam</strong></span> <span class='ocrx_word' id='word_1_169' title='bbox 1072 2710 1224 2775; x_wconf 89' lang='lat' dir='ltr'><strong>heredita-</strong></span> 
     </span>
     <span class='ocr_line' id='line_1_21' title="bbox 101 2828 1276 2913; baseline -0.005 -17"><span class='ocrx_word' id='word_1_170' title='bbox 101 2836 161 2896; x_wconf 87' lang='lat' dir='ltr'><strong>tem</strong></span> <span class='ocrx_word' id='word_1_171' title='bbox 184 2837 432 2913; x_wconf 87' lang='lat' dir='ltr'><strong>consequentur,</strong></span> <span class='ocrx_word' id='word_1_172' title='bbox 460 2830 528 2896; x_wconf 90' lang='lat' dir='ltr'><strong>siue</strong></span> <span class='ocrx_word' id='word_1_173' title='bbox 550 2850 587 2897; x_wconf 87' lang='lat' dir='ltr'><strong>ex</strong></span> <span class='ocrx_word' id='word_1_174' title='bbox 615 2832 722 2896; x_wconf 90' lang='lat' dir='ltr'><strong>eodem</strong></span> <span class='ocrx_word' id='word_1_175' title='bbox 744 2837 835 2913; x_wconf 88' lang='lat' dir='ltr'><strong>patre</strong></span> <span class='ocrx_word' id='word_1_176' title='bbox 865 2831 1036 2912; x_wconf 87' lang='lat' dir='ltr'><strong>eademque</strong></span> <span class='ocrx_word' id='word_1_177' title='bbox 1069 2835 1168 2894; x_wconf 92' lang='lat' dir='ltr'><strong>matre</strong></span> <span class='ocrx_word' id='word_1_178' title='bbox 1190 2828 1222 2892; x_wconf 94' lang='lat' dir='ltr'><strong>in</strong></span> <span class='ocrx_word' id='word_1_179' title='bbox 1241 2839 1276 2890; x_wconf 76' lang='lat' dir='ltr'><strong>so</strong></span> 
     </span>
     <span class='ocr_line' id='line_1_22' title="bbox 100 2950 1224 3032; baseline -0.003 -18"><span class='ocrx_word' id='word_1_180' title='bbox 100 2951 197 3016; x_wconf 90' lang='lat' dir='ltr'><strong>lucem</strong></span> <span class='ocrx_word' id='word_1_181' title='bbox 222 2952 289 3016; x_wconf 89' lang='lat' dir='ltr'><strong>dati</strong></span> <span class='ocrx_word' id='word_1_182' title='bbox 311 2953 382 3028; x_wconf 83' lang='lat' dir='ltr'><strong>sint,</strong></span> <span class='ocrx_word' id='word_1_183' title='bbox 405 2951 472 3015; x_wconf 90' lang='lat' dir='ltr'><strong>siue</strong></span> <span class='ocrx_word' id='word_1_184' title='bbox 495 2969 532 3014; x_wconf 86' lang='lat' dir='ltr'><strong>ex</strong></span> <span class='ocrx_word' id='word_1_185' title='bbox 554 2951 624 3015; x_wconf 87' lang='lat' dir='ltr'><strong>aliis</strong></span> <span class='ocrx_word' id='word_1_186' title='bbox 651 2951 778 3032; x_wconf 77' lang='lat' dir='ltr'><strong>nuptiis·</strong></span> <span class='ocrx_word' id='word_1_187' title='bbox 824 2956 871 3029; x_wconf 91' lang='lat' dir='ltr'><strong>et,</strong></span> <span class='ocrx_word' id='word_1_188' title='bbox 901 2969 940 3015; x_wconf 89' lang='lat' dir='ltr'><strong>ne</strong></span> <span class='ocrx_word' id='word_1_189' title='bbox 969 2950 1086 3014; x_wconf 89' lang='lat' dir='ltr'><strong>diutins</strong></span> <span class='ocrx_word' id='word_1_190' title='bbox 1114 2955 1224 3028; x_wconf 89' lang='lat' dir='ltr'><strong>optun-</strong></span> 
     </span>
     <span class='ocr_line' id='line_1_23' title="bbox 101 3069 1224 3151; baseline -0.003 -18"><span class='ocrx_word' id='word_1_191' title='bbox 101 3070 179 3143; x_wconf 93' lang='lat' dir='ltr'><strong>dam,</strong></span> <span class='ocrx_word' id='word_1_192' title='bbox 202 3070 308 3135; x_wconf 91' lang='lat' dir='ltr'><strong>omnia</strong></span> <span class='ocrx_word' id='word_1_193' title='bbox 330 3070 369 3134; x_wconf 92' lang='lat' dir='ltr'><strong>de</strong></span> <span class='ocrx_word' id='word_1_194' title='bbox 391 3069 439 3134; x_wconf 93' lang='lat' dir='ltr'><strong>his</strong></span> <span class='ocrx_word' id='word_1_195' title='bbox 462 3071 623 3151; x_wconf 93' lang='lat' dir='ltr'><strong>optineant</strong></span> <span class='ocrx_word' id='word_1_196' title='bbox 645 3070 684 3134; x_wconf 89' lang='lat' dir='ltr'><strong>ad</strong></span> <span class='ocrx_word' id='word_1_197' title='bbox 707 3069 943 3135; x_wconf 89' lang='lat' dir='ltr'><strong>similitudinem</strong></span> <span class='ocrx_word' id='word_1_198' title='bbox 973 3088 1080 3134; x_wconf 90' lang='lat' dir='ltr'><strong>corum</strong></span> <span class='ocrx_word' id='word_1_199' title='bbox 1111 3069 1164 3146; x_wconf 88' lang='lat' dir='ltr'><strong>qui</strong></span> <span class='ocrx_word' id='word_1_200' title='bbox 1187 3086 1224 3132; x_wconf 88' lang='lat' dir='ltr'><strong>err</strong></span> 
     </span>
    </p>

    <p class='ocr_par' dir='ltr' id='par_1_3' title="bbox 60 3187 1275 3628">
     <span class='ocr_line' id='line_1_24' title="bbox 60 3187 1225 3271; baseline -0.003 -17"><span class='ocrx_word' id='word_1_201' title='bbox 60 3187 250 3269; x_wconf 68' lang='lat' dir='ltr'><strong>11‚legitimis</strong></span> <span class='ocrx_word' id='word_1_202' title='bbox 266 3198 471 3270; x_wconf 90' lang='lat' dir='ltr'><strong>procreantur</strong></span> <span class='ocrx_word' id='word_1_203' title='bbox 487 3191 611 3269; x_wconf 86' lang='lat' dir='ltr'><strong>nuptiis.</strong></span> <span class='ocrx_word' id='word_1_204' title='bbox 637 3191 687 3251; x_wconf 90' lang='lat'><strong>11.</strong></span> <span class='ocrx_word' id='word_1_205' title='bbox 711 3189 758 3253; x_wconf 81' lang='lat' dir='ltr'><strong>En</strong></span> <span class='ocrx_word' id='word_1_206' title='bbox 773 3189 812 3252; x_wconf 87' lang='lat' dir='ltr'><strong>iis</strong></span> <span class='ocrx_word' id='word_1_207' title='bbox 828 3208 907 3271; x_wconf 90' lang='lat' dir='ltr'><strong>quae</strong></span> <span class='ocrx_word' id='word_1_208' title='bbox 923 3189 1120 3260; x_wconf 88' lang='lat' dir='ltr'><strong>tradidimus,</strong></span> <span class='ocrx_word' id='word_1_209' title='bbox 1137 3189 1225 3251; x_wconf 92' lang='lat' dir='ltr'><strong>iuuat</strong></span> 
     </span>
     <span class='ocr_line' id='line_1_25' title="bbox 101 3307 1224 3389; baseline -0.002 -17"><span class='ocrx_word' id='word_1_210' title='bbox 101 3307 179 3372; x_wconf 91' lang='lat' dir='ltr'><strong>enim</strong></span> <span class='ocrx_word' id='word_1_211' title='bbox 203 3309 333 3374; x_wconf 86' lang='lat' dir='ltr'><strong>breuius</strong></span> <span class='ocrx_word' id='word_1_212' title='bbox 356 3316 508 3389; x_wconf 89' lang='lat' dir='ltr'><strong>repetere,</strong></span> <span class='ocrx_word' id='word_1_213' title='bbox 532 3315 597 3374; x_wconf 91' lang='lat' dir='ltr'><strong>tres</strong></span> <span class='ocrx_word' id='word_1_214' title='bbox 619 3313 694 3372; x_wconf 91' lang='lat' dir='ltr'><strong>sunt</strong></span> <span class='ocrx_word' id='word_1_215' title='bbox 716 3309 908 3388; x_wconf 88' lang='lat' dir='ltr'><strong>cognationis</strong></span> <span class='ocrx_word' id='word_1_216' title='bbox 931 3308 1074 3384; x_wconf 76' lang='lat' dir='ltr'><strong>ordineS,</strong></span> <span class='ocrx_word' id='word_1_217' title='bbox 1098 3326 1224 3371; x_wconf 89' lang='lat' dir='ltr'><strong>suorum</strong></span> 
     </span>
     <span class='ocr_line' id='line_1_26' title="bbox 100 3427 1275 3510; baseline 0.003 -19"><span class='ocrx_word' id='word_1_218' title='bbox 100 3427 260 3505; x_wconf 88' lang='lat' dir='ltr'><strong>heredum,</strong></span> <span class='ocrx_word' id='word_1_219' title='bbox 284 3427 495 3510; x_wconf 89' lang='lat' dir='ltr'><strong>legitimorum</strong></span> <span class='ocrx_word' id='word_1_220' title='bbox 513 3433 545 3492; x_wconf 88' lang='lat' dir='ltr'><strong>et</strong></span> <span class='ocrx_word' id='word_1_221' title='bbox 559 3435 771 3509; x_wconf 89' lang='lat' dir='ltr'><strong>cognatorum.</strong></span> <span class='ocrx_word' id='word_1_222' title='bbox 800 3445 897 3508; x_wconf 88' lang='lat' dir='ltr'><strong>quare</strong></span> <span class='ocrx_word' id='word_1_223' title='bbox 913 3445 973 3491; x_wconf 94' lang='lat' dir='ltr'><strong>non</strong></span> <span class='ocrx_word' id='word_1_224' title='bbox 990 3433 1038 3492; x_wconf 89' lang='lat' dir='ltr'><strong>est</strong></span> <span class='ocrx_word' id='word_1_225' title='bbox 1061 3427 1223 3492; x_wconf 90' lang='lat' dir='ltr'><strong>dicendum</strong></span> <span class='ocrx_word' id='word_1_226' title='bbox 1242 3444 1275 3494; x_wconf 80' lang='lat' dir='ltr'><strong>as</strong></span> 
     </span>
     <span class='ocr_line' id='line_1_27' title="bbox 101 3546 1224 3628; baseline -0.002 -16"><span class='ocrx_word' id='word_1_227' title='bbox 101 3548 320 3627; x_wconf 87' lang='lat' dir='ltr'><strong>proximiorem</strong></span> <span class='ocrx_word' id='word_1_228' title='bbox 342 3547 442 3628; x_wconf 89' lang='lat' dir='ltr'><strong>gradu</strong></span> <span class='ocrx_word' id='word_1_229' title='bbox 464 3549 615 3628; x_wconf 90' lang='lat' dir='ltr'><strong>potiorem</strong></span> <span class='ocrx_word' id='word_1_230' title='bbox 639 3565 761 3627; x_wconf 90' lang='lat' dir='ltr'><strong>semper</strong></span> <span class='ocrx_word' id='word_1_231' title='bbox 783 3548 814 3612; x_wconf 93' lang='lat' dir='ltr'><strong>iu</strong></span> <span class='ocrx_word' id='word_1_232' title='bbox 837 3546 1012 3612; x_wconf 89' lang='lat' dir='ltr'><strong>hereditate</strong></span> <span class='ocrx_word' id='word_1_233' title='bbox 1035 3565 1117 3612; x_wconf 89' lang='lat' dir='ltr'><strong>esse:</strong></span> <span class='ocrx_word' id='word_1_234' title='bbox 1148 3546 1224 3610; x_wconf 91' lang='lat' dir='ltr'><strong>ordo</strong></span> 
     </span>
    </p>
   </div>
   <div class='ocr_carea' id='block_1_3' title="bbox 0 0 1582 5334">
    <p class='ocr_par' dir='ltr' id='par_1_4' title="bbox 0 0 1582 5334">
     <span class='ocr_line' id='line_1_28' title="bbox 0 0 1582 5334; baseline 0 0"><span class='ocrx_word' id='word_1_235' title='bbox 0 0 1582 5334; x_wconf 95' lang='lat' dir='ltr'><strong> </strong></span> 
     </span>
    </p>
   </div>
  </div>
 </body>
</html>
