3328 5318
577 418 817 480 -454-

140 591 363 670 dominumque
387 591 505 654 nnllam
529 592 684 656 actionem
708 593 879 656 consistere
903 613 1006 676 posse,
1031 599 1064 657 ut
1087 594 1114 657 si
1131 595 1252 658 alienus

141 736 252 780 sernns
276 734 327 779 res
350 723 422 780 tuas
446 717 486 780 sit
508 717 639 796 iuratus,
664 723 695 781 et
718 717 790 781 inde
814 717 895 781 actio
919 717 994 781 furti
1016 717 1073 782 tibi
1096 719 1136 782 sit
1159 739 1253 798 quae·

140 841 216 920 sita,
246 861 283 905 ao
307 847 419 924 postea
442 842 469 905 is
493 842 525 905 in
548 849 704 924 potestate
732 847 786 905 tua
815 862 886 906 esse
915 843 1067 925 coeperit,
1096 843 1253 907 intercidit

141 985 222 1045 quae
246 966 309 1028 iam
333 973 409 1030 nata
427 967 530 1030 fuerat
553 966 627 1029 furti
643 965 734 1046 aetio,
758 973 887 1049 propter
903 967 979 1030 iuris
994 968 1146 1049 regulam,
1172 988 1252 1047 quae

139 1089 200 1153 ait:
232 1090 282 1152 »si
317 1090 465 1172 species
501 1091 536 1153 in
572 1110 650 1153 eum
685 1090 845 1154 deducta
878 1092 928 1155 sit
957 1112 1097 1170 casum,
1134 1113 1153 1154 a
1182 1111 1251 1173 quo
1290 1105 1305 1155 5

139 1215 290 1277 initium
314 1234 450 1297 capere
474 1235 546 1277 non
580 1215 780 1297 potuisset,
817 1215 1078 1297 extinguitur«.
1125 1217 1252 1279 namsi

140 1359 209 1402 curn
233 1338 346 1401 furtum
371 1339 525 1402 commisit
549 1339 580 1401 in
603 1347 657 1402 tna
680 1339 791 1402 fuisset
814 1345 979 1422 potestate,
1002 1359 1065 1402 non
1089 1347 1173 1403 esset
1195 1341 1252 1403 tibi

139 1464 225 1527 actio
254 1464 410 1544 quaesita,
441 1471 471 1527 et
499 1464 570 1528 ideo
600 1485 668 1528 cum
692 1465 723 1527 in
747 1471 800 1528 tua
823 1471 979 1548 potestate
1004 1485 1073 1529 esse
1102 1465 1250 1547 coeperit,

138 1589 222 1652 actio
240 1589 302 1652 iam
318 1593 393 1652 nata
412 1589 585 1654 intercidet.
627 1597 657 1654 et
674 1590 753 1653 ardeo
771 1590 962 1671 extinguitur
981 1589 1072 1670 actio,
1098 1590 1125 1653 si
1140 1595 1251 1672 postea

138 1713 222 1776 serui
246 1718 433 1794 potestatem
458 1714 655 1794 adquisieris,
679 1721 713 1776 ut
736 1714 809 1778 licet
832 1734 871 1777 ex
887 1721 941 1778 tua
957 1720 1113 1796 potestate
1130 1714 1250 1793 exierit,
1274 1724 1305 1773 10

138 1856 235 1919 agere
267 1857 328 1900 non
356 1838 459 1918 possis
494 1838 664 1920 (quomodo
693 1839 774 1901 enim
809 1839 872 1902 iam
907 1839 1043 1903 extincta
1073 1845 1252 1921 resurgeret

138 1961 254 2044 actio?)
279 1963 341 2024 iam
358 1962 439 2025 enim
464 1963 590 2044 saepius
607 1962 672 2025 dixi
687 1963 804 2026 nullam
821 1963 945 2027 domino
962 1965 1113 2027 aduersus
1126 1984 1250 2027 seruum

139 2086 296 2150 actionem
319 2087 437 2168 quaeri.
477 2094 507 2150 et
523 2087 595 2150 ideo
612 2107 713 2169 neque
731 2088 758 2150 si
774 2088 917 2151 dominus
934 2089 1061 2151 noxiam
1078 2089 1109 2152 in
1126 2109 1249 2152 seruum

138 2210 329 2274 commiserit
345 2211 456 2292 (ueluti
472 2211 499 2274 si
515 2212 703 2275 contumelia
720 2219 775 2275 aut
790 2213 975 2276 uerberibus
991 2233 1061 2276 eum
1074 2214 1249 2296 adfecerit),

136 2335 203 2397 nlla
230 2335 353 2399 actione
381 2336 549 2416 tenebitur,
583 2356 684 2416 neque
715 2336 742 2399 si
776 2338 984 2400 manumissus
1016 2338 1110 2400 fuerit
1138 2343 1191 2401 aut
1219 2338 1251 2400 in
1272 2349 1302 2398 15

137 2459 268 2522 alterius
292 2465 448 2541 potestate
472 2480 542 2523 esse
566 2461 705 2542 coeperit
729 2461 782 2539 qui
809 2461 886 2524 haec
916 2481 1028 2543 passus
1057 2469 1104 2525 est
1132 2482 1250 2526 seruus.

101 2599 124 2647 7.
139 2589 166 2650 7.
192 2584 297 2648 Hasce
320 2605 396 2648 uero
421 2585 551 2648 noxales
579 2585 718 2648 actiones
747 2590 870 2648 ueteres
900 2586 994 2648 etiam
1022 2586 1053 2648 in
1076 2585 1148 2649 filiis
1173 2587 1250 2649 lilia-

103 2739 106 2743 ·
137 2712 259 2788 busque
283 2709 421 2772 familias
444 2709 645 2773 admiserunt.
692 2729 775 2773 noua
803 2715 906 2772 autem
935 2710 1092 2772 hominnm
1121 2729 1250 2774 conner-

135 2834 217 2897 satio
257 2839 351 2914 atque
390 2834 581 2897 consuetudo
617 2833 794 2897 huiusmodi
828 2835 1030 2915 asperitatem
1065 2835 1184 2916 respuit
1219 2841 1250 2899 et

135 2958 248 3022 merito
273 2959 460 3040 contempsit
482 2965 576 3040 atque
602 2960 641 3021 ab
667 2979 724 3022 usu
748 2959 903 3022 communi
926 2959 1042 3022 reiecit.
1082 2958 1151 3038 quis
1168 2959 1249 3022 enim
1269 2969 1304 3018 20

135 3102 235 3146 sanae
258 3083 370 3146 mentis
394 3083 533 3165 patiatur
555 3083 652 3146 filium
676 3104 765 3147 suum
790 3090 820 3146 et
843 3083 977 3147 maxime
1000 3083 1097 3146 filiam
1113 3103 1201 3146 snam
1217 3083 1250 3146 in

135 3227 251 3270 noxam
276 3206 331 3269 alii
354 3206 439 3286 dare,
464 3215 497 3270 ut
520 3207 586 3270 fere
603 3207 687 3270 circa
703 3227 815 3290 corpus
832 3229 920 3272 suum
936 3207 1038 3288 magis
1054 3214 1144 3288 pater
1167 3207 1248 3289 peri-

136 3331 271 3410 clitetur,
297 3350 390 3409 quam
413 3331 496 3394 tilius
519 3331 597 3413 ipse,
623 3332 738 3411 quiea
762 3332 913 3395 sustinet?
941 3332 973 3395 in
996 3331 1120 3394 filiabus
1145 3340 1248 3394 antem

135 3455 307 3536 pudicitiae
332 3476 456 3537 quoque
484 3459 575 3520 fauor
603 3463 688 3520 recte
716 3457 748 3520 id
776 3459 817 3520 ab
846 3478 905 3520 usu
932 3457 1073 3520 exclusit.
1120 3463 1150 3520 et
1178 3456 1249 3519 ideo

136 3581 255 3661 placuit
278 3581 310 3643 in
334 3601 443 3644 seruos
466 3582 679 3645 tantummodo
703 3583 835 3646 noxales
859 3582 999 3645 actiones
1027 3581 1248 3663 proponendas
1268 3588 1301 3639 25
