3298 5322
592 329 833 393 -413-

153 503 318 568 curatione
341 502 427 566 faeta
451 509 535 567 sunt:
560 503 635 566 item
659 510 690 568 et
714 523 836 586 operas,
861 503 973 584 quibus
991 503 1091 567 oaruit
1106 504 1144 585 is,
1170 504 1273 585 quiin

153 629 289 692 transitu
317 629 423 692 laesus
453 627 520 692 fuit.
566 628 647 693 forte
672 627 754 691 euim
777 629 868 692 faber
892 631 960 692 erat
984 633 1015 691 et
1038 647 1108 692 oum
1132 627 1163 692 ei
1187 628 1272 691 dein-

156 773 232 835 oeps
261 773 371 816 manus
399 753 489 816 laesa
516 751 624 832 fuerit,
662 771 741 835 opus
775 753 901 816 interim
934 751 1040 817 faeere
1072 771 1136 816 non
1163 752 1273 834 potuit.

156 878 344 958 inquirimus
361 884 511 958 quantum
527 876 639 941 suisset
654 878 717 942 illis
742 878 853 942 diebus
877 879 1025 959 lucratus,
1049 897 1106 960 per
1130 897 1208 958 quos
1233 879 1273 942 ob

156 1003 271 1066 uulnus
296 1023 375 1085 opus
397 1002 503 1066 fauere
527 1023 591 1066 non
613 1003 724 1084 potuit.
768 1007 799 1066 et
822 1003 849 1066 si
872 1003 990 1066 inutilis
1014 1003 1116 1066 faetus
1140 1002 1188 1084 sit,
1212 1021 1275 1067 non
1312 1021 1327 1072 5

156 1128 321 1210 praeteriti
344 1133 464 1192 tantum
487 1127 647 1210 temporis,
673 1133 721 1191 set
736 1126 832 1190 futuri
849 1145 973 1207 quoque
991 1145 1105 1210 operas
1129 1127 1275 1191 aestima-

112 1259 235 1316 ·2.mus.
282 1253 311 1317 2.
334 1251 432 1316 Filius
455 1273 553 1334 meua,
578 1253 686 1334 quiin
710 1258 866 1336 potestate
891 1261 967 1336 erat,
993 1273 1134 1318 seorsum
1150 1275 1170 1316 a
1185 1259 1275 1336 patre

157 1396 215 1440 suo
240 1376 272 1439 in
296 1375 427 1440 aedibus
452 1377 639 1456 quibusdam
662 1379 834 1442 habitabat.
874 1398 914 1442 ex
937 1379 1109 1443 ooenaoulo
1134 1378 1202 1441 eius
1219 1378 1276 1442 ali-

158 1490 236 1581 quid
260 1499 415 1564 deieotum
439 1506 564 1565 estant
588 1501 729 1583 effusum,
755 1509 809 1566 aut
824 1523 1011 1586 suspensum
1029 1503 1103 1584 quid
1127 1509 1174 1568 est
1193 1502 1276 1586 posi-

157 1633 265 1690 tumue
289 1624 322 1688 in
346 1624 414 1688 eius
438 1623 584 1707 fenestra,
608 1626 695 1690 ouius
720 1646 813 1690 oasus
837 1626 1032 1709 periculosus
1057 1633 1113 1692 est.
1147 1627 1275 1691 Juliano
1298 1641 1332 1692 10

158 1748 280 1833 placuit
302 1749 421 1812 nullam
444 1749 477 1812 in
499 1756 621 1832 patrem
645 1769 716 1814 esse
733 1751 898 1832 actionem,
922 1758 970 1814 set
992 1752 1025 1814 iu
1048 1751 1150 1834 ipsum
1170 1751 1276 1814 filium.

159 1874 244 1938 idem
268 1873 409 1955 dicimus,
435 1874 463 1937 si
484 1873 576 1956 tilius,
602 1874 655 1954 qui
671 1874 703 1938 in
718 1893 790 1938 mea
807 1881 854 1939 est
869 1881 1035 1957 potestate,
1058 1881 1089 1939 te
1110 1874 1276 1938 iudioando

159 1998 303 2080 laeserit3
329 2018 398 2062 eum
422 2018 459 2063 eo
484 1999 566 2062 enim
589 1998 622 2061 in
644 1999 762 2062 faotum
786 2019 874 2081 ages,
898 2019 961 2063 non
977 2019 1108 2080 meeum,
1133 1999 1187 2080 qui
1211 1999 1278 2062 eius

119 2132 149 2183 3.
161 2129 254 2206 pater
278 2144 355 2187 snm.
402 2127 430 2189 3.
453 2122 619 2186 Exercitor
642 2123 712 2204 quis
736 2130 804 2187 erat
826 2123 927 2205 nouit,
952 2124 1004 2188 uel
1025 2143 1201 2206 oauponam
1224 2130 1279 2188 aut

162 2248 320 2312 stabulum
342 2248 490 2312 habebat.
537 2247 620 2320 siin
645 2267 726 2311 naue
757 2254 811 2312 aut
839 2268 984 2332 eaupona
1011 2255 1066 2312 aut
1093 2248 1126 2312 in
1145 2249 1278 2314 stabulo
1299 2263 1332 2314 15

162 2370 327 2436 cuiusdam
350 2371 432 2454 dolo,
455 2371 555 2438 ueluti
577 2373 666 2448 furis,
690 2373 837 2438 damnum
860 2373 936 2438 mihi
951 2374 1068 2438 laetum
1085 2373 1187 2455 fuerit,
1211 2373 1279 2455 ipse

161 2497 195 2562 in
218 2496 345 2578 laetum,
371 2497 462 2576 quasi
486 2517 526 2561 ex
548 2497 703 2562 maleficio
727 2497 892 2578 tenebitur,
918 2498 945 2562 si
960 2498 1052 2562 modo
1068 2497 1187 2560 nullum
1212 2497 1280 2580 ipse

81 2621 82 2628 '
162 2621 354 2686 commiserit
368 2621 565 2703 maleficium,
582 2627 630 2686 set
646 2622 774 2704 quidam
786 2643 826 2687 ex
837 2621 986 2686 ministris
999 2643 1055 2686 seu
1067 2621 1279 2702 mercenariis,

163 2766 295 2826 quorum
324 2766 422 2829 opera
449 2746 541 2810 nauis
569 2747 629 2811 iter
655 2747 789 2828 faceret,
826 2753 882 2810 aut
909 2766 1053 2830 eaupona
1081 2747 1280 2810 stabulumue

163 2875 371 2935 exerceretur.
440 2890 542 2952 neque
578 2871 660 2935 enim
699 2892 739 2935 ex
774 2877 936 2936 eontraotu
969 2870 1104 2952 obligari
1137 2871 1280 2934 dominus
1301 2883 1335 2934 20

163 2995 256 3082 nauis
278 3015 335 3059 sen
352 3015 514 3078 oauponae
539 3015 593 3060 seu
611 2996 727 3060 stabuli
743 2996 805 3060 diei
821 3002 934 3079 potest,
959 3016 1030 3060 eum
1045 3015 1085 3059 ne
1102 3001 1281 3060 oontraetus

165 3119 293 3200 quidem
317 3139 387 3184 oum
411 3139 449 3184 eo
473 3121 575 3184 faetus
599 3121 647 3184 sit.
693 3127 741 3185 set
765 3121 840 3202 quia
857 3121 1056 3201 aliquatenus
1080 3121 1193 3202 eulpae
1210 3139 1282 3183 rens

165 3249 229 3325 est,
259 3245 342 3326 quod
364 3243 518 3309 malorum
542 3245 702 3309 hominum
729 3246 902 3310 ministerio
926 3251 1045 3327 utatur,
1075 3245 1146 3310 ideo
1173 3245 1284 3325 quasi

165 3388 212 3432 ex
236 3369 378 3434 delioto
402 3353 567 3436 tenebitur.
606 3371 688 3435 aetio
713 3376 818 3435 autem
841 3371 874 3434 in
889 3371 1005 3434 faotum
1021 3370 1191 3435 heredibus
1216 3369 1283 3434 eius

166 3493 302 3575 dabitur,
326 3495 380 3576 qni
395 3495 541 3559 iniuriam
558 3501 606 3560 est
628 3516 755 3580 passus;
781 3496 813 3560 in
828 3496 961 3560 heredes
978 3501 1082 3560 autem
1099 3495 1283 3560 exereitoris
1303 3505 1336 3556 25

161 3617 251 3682 aetio
276 3638 338 3682 non
362 3619 519 3702 oompetit.
