3384 5314
597 419 840 482 -479—

157 592 346 675 possideam,
372 599 427 657 aut
450 593 532 657 olam
556 594 595 656 ab
613 593 675 656 alio
694 592 959 676 abripuerimtaut
975 592 1118 675 precario
1135 593 1271 674 aliquem

157 717 388 799 possessionem
411 717 600 799 rogauerim,
625 717 703 781 nihil
727 724 831 781 autem
856 716 1010 781 eiusmodi
1033 717 1065 780 in
1087 723 1119 782 te
1135 718 1275 798 fecerim,

104 841 190 904 4b·in
229 842 385 906 interdicti
424 862 522 905 eausa
560 861 620 923 ego
659 848 689 905 te
730 842 861 905 uinoam.
914 843 969 908 4b.
992 842 1162 906 Interdioto
1201 862 1276 906 uero

160 966 306 1029 ‘utrubi’
331 966 358 1029 is
382 966 488 1048 uineit,
513 966 567 1046 qui
589 966 741 1030 maiorem
764 973 886 1049 partem
911 967 993 1048 anni,
1017 967 1071 1048 qui
1094 974 1178 1031 retro
1195 987 1278 1031 oom-

156 1096 293 1173 putatur,
317 1091 473 1174 possedit:
499 1097 532 1154 ut
555 1110 629 1154 eooe
652 1091 781 1173 possedi
798 1111 857 1173 ego
874 1111 998 1155 menses
1022 1091 1090 1172 VII,
1114 1099 1147 1155 tu
1172 1099 1277 1156 autem
1315 1105 1338 1154 a

159 1235 282 1279 menses
305 1221 333 1277 V
356 1224 546 1299 postremos:
571 1236 631 1298 ego
655 1217 788 1280 uinoam.
834 1223 933 1280 restat
955 1216 1059 1298 igitur,
1087 1223 1130 1296 ut,
1154 1236 1278 1299 posses-

159 1341 247 1404 sione
270 1340 346 1403 mibi
369 1341 528 1420 restituta,
558 1349 592 1404 tu
616 1347 704 1404 aot-or
726 1341 784 1404 fias
809 1348 840 1404 et
863 1341 1101 1423 probationibus
1130 1341 1278 1404 onereris.

105 1469 210 1529 40-40.
234 1465 321 1528 Haeo
356 1485 432 1529 uero
461 1465 535 1528 olim
571 1465 770 1548 optinebant3
805 1465 899 1530 bodie
933 1472 1037 1529 autem
1073 1465 1164 1528 aliter
1198 1466 1276 1530 baeo

159 1591 376 1672 obseruantur,
401 1610 471 1654 oum
495 1591 581 1654 nulla
605 1591 783 1655 differentia
806 1592 838 1654 in
857 1591 1066 1673 possessionis
1091 1591 1276 1672 quaestione

159 1715 240 1778 inter
274 1723 438 1796 utrumque
474 1715 671 1779 interdiotum
705 1716 865 1779 manserit.
912 1717 938 1779 is
963 1715 1045 1779 enim
1068 1715 1180 1796 uineit,
1210 1716 1276 1779 siue
1298 1726 1339 1777 10v

158 1840 283 1903 mobilis
307 1841 374 1904 siue
398 1840 567 1904 immobilis
590 1861 641 1904 res
666 1841 716 1920 sit,
742 1841 794 1920 qui
818 1861 876 1904 neo
900 1841 932 1903 ui
955 1861 1013 1904 nee
1030 1841 1111 1904 elam
1126 1860 1185 1904 neo
1208 1859 1277 1922 pre-

160 1965 244 2028 oario
278 1967 318 2028 ab
354 1966 537 2030 aduersario
572 1965 716 2049 possidet
748 1985 818 2028 oum
848 1966 887 2029 lis
920 1971 1121 2028 contestatur.
1170 1965 1277 2044 itaque

159 2089 293 2172 amplius
309 2109 371 2153 non
388 2090 566 2170 quaerimus
583 2091 651 2170 quis
668 2089 854 2172 possederit,
872 2109 941 2153 oum
957 2089 1155 2153 interdictum
1171 2088 1277 2152 datum

160 2220 222 2294 est,
262 2220 317 2277 aut
349 2215 418 2294 quis
456 2215 607 2278 maiorem
645 2221 767 2298 partem
808 2215 882 2277 anni
920 2214 1055 2296 proximi
1092 2213 1277 2296 possederit.

125 2347 150 2400 t.
161 2340 190 2402 5.
213 2337 415 2401 Possidemus
438 2345 543 2402 autem
566 2358 629 2402 non
653 2339 755 2402 solum
779 2358 836 2421 per
858 2347 981 2402 nosmet
1009 2338 1109 2420 ipsos,
1139 2345 1194 2401 aut
1220 2357 1279 2420 per
1297 2351 1331 2402 15

161 2480 229 2542 eoa,
260 2482 338 2541 quos
366 2463 398 2525 in
426 2469 583 2545 potestate
606 2464 772 2543 babemus,
800 2470 848 2526 set
876 2469 906 2526 et
929 2482 987 2545 per
1014 2463 1109 2543 alios,
1139 2463 1278 2541 quinon

161 2586 286 2650 suntin
309 2593 419 2650 nostra
446 2594 617 2670 potestate:
649 2588 740 2651 siouti
768 2594 816 2651 est
839 2587 880 2668 is,
910 2587 964 2669 qui
991 2587 1120 2650 iundum
1144 2587 1277 2650 anobis

161 2709 359 2792 conduxerit,
396 2718 427 2775 et
450 2712 633 2793 inquilinus,
669 2712 719 2776 uel
742 2712 811 2792 ille,
848 2711 932 2794 apud
961 2731 1052 2792 quem
1080 2732 1146 2775 rem
1174 2731 1277 2774 meam

162 2834 360 2918 deposuerim
384 2836 436 2900 uel
460 2837 512 2900 oui
530 2857 601 2900 eam
625 2836 900 2901 commodauerim.
937 2835 998 2918 ipsi
1021 2836 1104 2899 enim
1126 2842 1277 2899 natura·

160 2959 250 3023 liter
279 2959 453 3042 possident,
489 2980 549 3042 ego
581 2968 687 3025 autem
721 2961 906 3024 oiuiliter.
960 2967 991 3024 et
1023 2961 1082 3024 boe
1114 2966 1163 3024 est
1195 2959 1278 3039 quod
1297 2973 1339 3024 20·

159 3085 255 3166 uulgo
280 3084 393 3148 dieitur
415 3085 648 3168 possessionem
672 3106 729 3168 per
749 3085 845 3150 alium
861 3085 990 3149 retineri
1012 3105 1115 3168 posse,
1139 3084 1192 3164 qui
1207 3104 1277 3148 meo

159 3209 284 3273 nomine
308 3229 374 3273 rem
398 3209 547 3274 detineat.
586 3211 690 3274 animo
711 3215 815 3276 autem
831 3217 935 3293 potest
959 3210 1027 3290 quis
1044 3209 1276 3292 possessionem

159 3333 305 3415 retinere,
329 3334 403 3398 lieet
417 3354 520 3414 neque
536 3335 614 3418 ipse,
632 3354 734 3414 neque
750 3335 876 3399 nomine
893 3335 961 3398 eius
978 3334 1060 3398 alius
1080 3354 1146 3397 rem
1162 3339 1277 3414 teneat,

160 3477 292 3540 eamque
308 3478 371 3522 non
389 3457 493 3523 animo
509 3459 748 3539 derelinquendi
764 3459 948 3539 deseruerit,
973 3464 1021 3522 set
1045 3478 1084 3522 ea
1106 3465 1219 3538 mente,
1244 3464 1277 3521 ut

160 3602 267 3646 rursus
291 3583 426 3646 adeam
450 3589 640 3648 reuertatur:
668 3604 741 3646 nam
766 3590 797 3648 et
820 3584 865 3647 ita
891 3583 1017 3647 uidetur
1043 3582 1277 3666 possessionem
1296 3593 1337 3646 25·

159 3706 303 3770 retinere.
348 3707 382 3770 id
405 3727 482 3771 uero
511 3707 626 3772 aooidit
654 3709 686 3772 in
714 3708 817 3772 fundis
848 3713 879 3772 et
905 3707 1045 3790 praediis
1073 3707 1275 3788 suburbanis;

160 3849 200 3894 ea
229 3831 312 3894 enim
339 3831 495 3896 bibemali
522 3838 662 3914 tempore
691 3832 894 3912 relinquimus
922 3837 1051 3915 propter
1077 3831 1277 3896 incommoda

159 3955 377 4038 habitationis,
413 3977 453 4020 ea
475 3963 580 4020 tamen
603 3963 721 4038 mente,
757 3963 803 4036 ut,
838 3977 908 4020 oum
931 3962 1054 4039 tempus
1083 3955 1276 4035 inuitauerit,
