3154 5338
497 409 539 421 -
584 373 645 439 298
689 397 754 422 -·

81 566 159 637 netur,
181 559 229 624 nel
253 561 280 624 si
299 558 552 641 ipseinstitutus
575 569 672 641 esset,
700 561 807 628 liberis
836 564 1023 630 deberentur
1051 563 1177 646 legata}

82 679 234 760 multosque
250 681 326 746 alios
342 698 433 746 casus
449 681 590 762 praefata
605 684 809 764 congregabit
822 682 1002 749 constitutio
1018 681 1057 748 ad
1073 683 1178 748 huius-

80 797 145 864 modi
164 801 241 865 inris
271 801 503 882 dispositionem
532 803 733 882 necessarios,
784 803 877 867 iussit
905 801 986 867 enim
1013 807 1178 884 patronum

81 929 104 984 et
121 925 277 1002 patronam
299 919 476 1004 liberosque
498 919 604 987 corum
627 941 684 988 ncc
706 940 768 988 non
792 921 906 1002 quiex
932 929 1114 988 transuerso
1135 921 1176 988 la·

80 1045 131 1102 tere
149 1037 280 1103 ueniunt
301 1056 400 1120 usque
423 1039 462 1104 ad
482 1039 624 1120 quintum
646 1040 778 1120 gradum
800 1040 840 1105 ad
855 1038 1037 1106 libertorum
1053 1057 1175 1106 succes·
1213 1074 1229 1126 5

78 1158 175 1222 sionem
199 1157 372 1238 peruenire.
417 1159 443 1222 si
467 1177 540 1241 crgo
563 1159 703 1225 ciusdem
726 1159 848 1241 patroni
877 1159 927 1224 uel
956 1158 1096 1224 eiusdem
1123 1173 1176 1238 pa·

77 1286 167 1343 tronac
191 1276 242 1342 uel
264 1277 397 1342 duorum
419 1284 620 1359 patronorum
647 1279 696 1343 uel
726 1279 857 1343 duarum
887 1284 1089 1360 patronarum
1110 1277 1178 1357 plu-

76 1397 178 1461 rinmue
200 1393 299 1462 'liberi
327 1403 448 1475 extent,
476 1397 645 1476 proximior
672 1397 773 1477 gradu
805 1397 843 1461 ad
873 1395 977 1462 liberti
1005 1395 1177 1461 libertacue

75 1516 141 1580 bona
161 1516 335 1581 uocabitur.
379 1521 414 1580 ut
437 1534 516 1594 ecce,
539 1523 680 1582 mortuus
703 1522 751 1582 est
779 1516 909 1580 libertus
936 1515 1088 1580 libertaue
1110 1513 1177 1580 sinc

74 1633 164 1700 tiberis
185 1655 223 1700 ao
245 1636 312 1700 sine
334 1641 530 1712 testamento,
553 1641 684 1716 patrono
706 1641 877 1713 patronoue
899 1653 959 1698 non
983 1632 1175 1698 extantibus:
1196 1652 1227 1705 10

76 1755 209 1819 extabant
231 1763 334 1820 autem
358 1755 457 1832 liberi,
481 1773 577 1836 nepos
600 1753 680 1820 forte
703 1772 739 1818 ac
767 1771 937 1835 pronepos3
966 1771 1062 1834 nepos
1085 1770 1176 1817 uoca-

73 1871 270 1955 titubatque
292 1875 323 1938 in
347 1874 449 1955 capita
470 1893 530 1940 non
553 1891 628 1938 uero
650 1872 683 1937 in
706 1871 821 1954 stirpes
836 1871 995 1937 diuidetur
1008 1872 1174 1938 hereditas.
1274 1919 1275 1923 ,

73 2001 102 2056 nt
120 2012 194 2069 ecce,
220 1995 311 2058 unius
333 1993 457 2076 patroni
480 1994 541 2057 duo
564 1999 654 2058 erant
674 1989 744 2072 filii,
767 1989 896 2056 alterins
919 1999 998 2056 tres:
1027 1991 1058 2054 in
1088 1990 1175 2072 quin·
1229 2037 1233 2044 .

71 2128 121 2190 quc
141 2122 245 2194 partes
269 2113 426 2178 diuidetur
449 2111 614 2177 hereditas.
660 2111 741 2176 idem
765 2110 858 2175 etiam
888 2109 920 2174 in
943 2111 1100 2191 cognatis,
1123 2110 1174 2188 qui

69 2229 196 2296 cistere
221 2233 359 2308 ueniunt,
382 2229 508 2312 patroni
529 2236 719 2312 patronaeuc
742 2227 909 2312 optinebit,
939 2231 983 2294 ita
1013 2233 1048 2294 ut
1077 2229 1225 2312 proxi-15

70 2351 137 2413 mior
168 2351 272 2430 potior
301 2350 454 2414 habeatnr
483 2357 577 2430 atque
609 2350 640 2414 in
674 2350 777 2430 capita
809 2349 968 2414 diuidatur
987 2348 1173 2415 beneditus:

66 2485 153 2547 paene
175 2472 258 2535 enim
287 2470 489 2536 consonantia
516 2469 717 2550 ingenuitatis
745 2475 778 2536 et
805 2469 1018 2534 libertinitatis
1045 2469 1115 2534 iura
1141 2467 1173 2532 in

68 2589 306 2655 successionibus
338 2590 479 2672 praefato
512 2589 692 2654 constitutio
734 2606 802 2654 esse
839 2587 941 2653 iussit.
1000 2605 1171 2670 ‘paemen

65 2714 158 2772 notem
188 2715 357 2791 propterea
385 2708 463 2788 dixi,
492 2710 574 2791 quod
605 2711 637 2774 in
663 2707 807 2790 ingenuis
840 2709 933 2774 etiam
964 2707 1047 2774 ultra
1076 2705 1173 2773 Vum.

64 2829 185 2907 gradum
209 2831 413 2895 successionis
434 2831 504 2895 iura
526 2831 744 2906 extenduntur,
769 2830 799 2894 in
815 2827 968 2894 libertinis
983 2846 1058 2893 uero
1074 2845 1173 2909 usquc
1190 2835 1224 2886 ao

33 2966 50 3014 t.
64 2946 97 3009 ad
119 2948 216 3013 Vum.
245 2949 376 3030 gradum
406 2956 608 3030 cognatorum
637 2947 760 3030 patroni
790 2955 822 3012 ct
850 2955 1009 3029 patronae.
1054 2947 1083 3008 4.
1118 2944 1173 3010 Set

62 3064 128 3132 haec
149 3069 189 3132 de
212 3068 261 3132 bis
283 3066 436 3134 libertinis
459 3067 550 3133 hodio
572 3074 743 3134 tractamus
765 3067 872 3147 quiin
895 3065 1052 3132 ciuitatem
1073 3081 1171 3129 roma·

61 3204 123 3250 nam
145 3198 375 3268 peruenerunt:
399 3208 459 3254 non
483 3189 563 3254 enim
586 3187 639 3252 alii
662 3187 765 3252 liberti
788 3193 871 3252 sunt.
915 3186 996 3251 nosti
1025 3184 1105 3250 enim
1135 3202 1172 3248 ex

60 3308 150 3385 prima
172 3307 376 3373 Institutione
403 3307 617 3372 dediticiorum
644 3325 680 3372 oc
711 3305 878 3372 latinorum
908 3306 977 3370 iura
1003 3321 1072 3369 esse
1100 3303 1172 3368 sub-

59 3423 129 3491 lata:
153 3445 227 3493 cunr
251 3445 328 3492 uero
349 3425 439 3491 latini
461 3427 492 3490 in
515 3426 642 3491 ciuitate
670 3432 775 3504 erant,
805 3423 892 3490 nulla
917 3423 1041 3506 penitus
1063 3439 1171 3487 eorum
1189 3438 1223 3489 an
